1888 3169
139 133 341 188 304—309]
723 144 819 175 Aer.
851 145 898 176 11.
960 145 1020 175 so.
1054 145 1101 176 11.
1600 137 1683 178 199

139 248 237 297 Sed
269 249 453 297 uiden?
490 250 690 297 fortuna
722 250 941 298 humana
973 251 1119 314 fingit
1152 257 1386 316 artatque
1418 256 1476 299 ut
1512 251 1682 307 lubet;

138 328 233 383 Me,
257 328 343 392 qui
362 328 484 376 liber
499 328 703 387 fueram,
725 347 916 378 seruom
932 330 1065 387 fecit,
1084 348 1110 378 e
1126 348 1317 378 summo
1336 329 1559 377 infimum
1581 348 1589 377 :
1614 345 1682 378 305

137 405 235 465 Qui
259 406 498 470 imperare
524 407 784 466 insueram,
812 426 942 456 nunc
967 408 1172 456 alterius
1197 408 1400 472 imperio
1426 408 1678 473 obsequor.

136 484 205 532 Et
240 485 440 549 quidem
475 486 530 543 si,
569 486 773 550 proinde
805 493 863 535 ut
896 488 1002 552 ipse
1037 486 1108 537 fui
1144 487 1413 551 imperator
1448 487 1679 545 familiae,

137 561 364 609 Habeam
396 562 663 620 dominum,
699 581 797 610 non
829 580 1002 611 uerear
1035 580 1097 610 ne
1127 562 1312 611 iniuste
1343 568 1432 611 aut
1461 563 1683 628 grauiter

269 640 338 686 mi
372 639 594 704 imperet.

137 718 311 783 Hegio,
335 718 426 766 hoc
451 725 502 766 te
528 719 785 777 monitum,
807 719 900 768 nisi
920 719 1048 768 forte
1068 720 1173 785 ipse
1191 738 1291 768 non
1309 720 1400 778 uis,
1422 720 1676 769 noluerim.

180 874 254 904 304.
302 874 444 905 furtuna
465 876 492 906 J
578 874 671 906 iubet
691 875 735 906 Vl
759 875 854 917 (corr.
884 875 941 917 V2)
964 877 996 906 E
1172 876 1247 907 305.
1294 875 1427 906 fueram
1452 886 1492 906 eoe
1516 875 1626 906 fuerat
1650 877 1680 906 E

136 925 210 956 306.
257 925 401 956 alternis
426 927 630 959 Schoellius:
655 926 778 958 altrius
802 928 1008 959 Bitschelz‘us
1033 928 1150 968 Opusc.
1173 937 1186 958 1
1203 938 1240 967 p.
1263 927 1326 958 436
1350 927 1404 969 (cf.
1429 936 1457 957 11
1476 937 1510 966 p.
1538 926 1600 959 672
1616 927 1681 968 sq.)

136 980 210 1011 308.
242 990 409 1011 uereareoe
420 981 603 1012 uerebarE
648 981 869 1013 iniustautE
914 981 1002 1013 mihi
1020 982 1098 1013 libri
1172 982 1245 1014 309.
1276 981 1364 1013 Heio
1375 982 1456 1012 ΒῘῘ1
1470 981 1564 1023 (corr.
1580 982 1609 1012 V
1612 981 1682 1023 2)E

139 1033 191 1071 (ecc
208 1032 296 1071 Heo)
311 1045 317 1064 :
343 1033 451 1071 Hegio
471 1033 517 1075 (H
533 1044 572 1064 er
590 1033 628 1074 C)
646 1034 697 1065 D:
722 1033 810 1073 Egio
825 1035 852 1064 J
864 1039 902 1065 ut
917 1035 987 1065 vid.
1077 1035 1254 1065 nolueram
1273 1035 1351 1066 libri
1364 1047 1371 1066 z
1396 1044 1478 1066 corr.
1498 1035 1639 1066 Brioeius

134 1155 227 1191 ‘milii
249 1156 405 1203 desipere
430 1156 602 1200 videbare,
630 1157 729 1203 quod
751 1169 831 1191 eum
855 1157 933 1191 istis
952 1157 1078 1203 polim
1102 1156 1231 1191 viveres
1257 1168 1367 1203 quam
1391 1155 1581 1190 nobiscum.
1634 1155 1682 1190 So

134 1214 235 1249 video
257 1227 363 1261 quom
386 1215 476 1250 with
499 1215 580 1250 Ind.
605 1216 707 1251 often
729 1216 836 1251 takes
857 1215 922 1250 the
946 1216 1049 1261 place
1072 1216 1113 1250 of
1133 1216 1233 1250 video
1250 1215 1341 1250 with
1366 1215 1435 1249 Ins.
1455 1215 1494 1248 in
1516 1214 1680 1257 Plautus,

135 1284 198 1318 eg.
227 1273 334 1308 Poen.
366 1276 432 1309 723
459 1274 614 1318 Vidistis,
644 1275 722 1309 Zeno
751 1286 856 1320 quom
882 1286 1016 1309 aurum
1040 1275 1176 1320 accepit
1186 1274 1213 1317 .?‚
1243 1274 1349 1308 Truc.
1381 1276 1448 1307 112
1478 1273 1578 1307 Nam
1611 1273 1685 1319 ipsi

134 1331 269 1375 uident,
287 1344 368 1367 cum
391 1344 510 1367 eorum
536 1333 716 1379 aqerimus
738 1332 840 1376 bona,
866 1332 998 1367 Bacch.
1018 1334 1088 1367 469
1113 1332 1209 1376 Quin
1234 1344 1295 1378 690
1320 1344 1400 1366 cum
1418 1331 1565 1378 peribat
1588 1331 1681 1375 uidi,

135 1401 207 1424 non
224 1402 267 1424 ea:
282 1391 410 1426 ammo
427 1403 550 1438 arguo.

206 1451 284 1483 304.
336 1449 528 1484 Philemon
545 1449 587 1483 fr.
610 1451 673 1483 111
695 1448 740 1482 K.
755 1448 911 1484 ‘'An-aura
929 1451 1003 1495 νικᾷ
1023 1450 1075 1484 καὶ
1093 1450 1331 1493 μεταστρέφει
1348 1449 1446 1494 τύχη.

205 1509 283 1541 305.
335 1507 518 1544 Pueram.
555 1507 622 1542 See
639 1510 726 1541 note
743 1518 791 1541 on
808 1518 840 1540 v,
862 1508 915 1541 17.
1002 1505 1034 1542 E
1052 1515 1206 1542 Summo
1223 1506 1418 1543 infimum.
1454 1506 1508 1541 Of.
1528 1507 1680 1541 Ennius'

134 1564 227 1600 lines
243 1565 358 1601 about
375 1566 524 1600 Servius
542 1565 686 1600 Tullius
704 1565 814 1610 (Ami.
835 1566 903 1599 337
923 1564 1008 1608 M.>:

510 1634 706 1668 mortalem
731 1645 920 1668 summum
946 1633 1112 1667 Fortuna
1136 1635 1288 1677 repente

371 1692 556 1735 Reddidit,
583 1695 626 1727 ut
651 1704 797 1727 summo
822 1703 932 1737 regno
956 1691 1073 1726 famul
1098 1691 1250 1725 oltimus
1274 1694 1382 1735 esset,

134 1761 224 1796 with
241 1765 407 1796 contrast
423 1763 464 1796 of
485 1775 642 1797 summus
658 1762 731 1796 and
754 1762 913 1805 ultimus,
932 1761 989 1795 for
1006 1761 1125 1796 which
1145 1761 1338 1796 Lucretius
1355 1762 1394 1796 in
1417 1761 1475 1796 his
1493 1762 1681 1797 imitation

134 1819 358 1855 substitutas
374 1821 520 1866 infimus
538 1821 602 1865 (iii.
625 1821 749 1864 1034):

369 1889 570 1935 Scipiadas,
595 1888 681 1923 belli
706 1888 857 1931 fulmen,
884 1888 1119 1933 Carthaginis
1144 1888 1281 1932 horror,

371 1947 463 1982 Ossa
487 1947 590 1982 dedit
615 1951 734 1982 terrae
760 1947 913 1992 proinde
937 1959 979 1981 ac
1005 1947 1122 1981 famul
1146 1948 1297 1982 infimae
1322 1951 1428 1983 esset.

206 2019 283 2052 306.
335 2017 546 2053 Insueram
571 2019 633 2062 (on
656 2017 720 2052 the
745 2020 849 2051 tense
874 2029 933 2051 see
958 2020 1045 2052 note
1070 2029 1117 2051 on
1140 2029 1172 2051 v.
1195 2018 1262 2062 17).
1313 2018 1368 2052 As
1390 2030 1412 2052 a
1433 2018 1579 2063 general
1604 2019 1682 2053 rule

135 2075 249 2109 forms
266 2075 339 2109 like
356 2087 532 2117 amaram,
545 2081 728 2117 amarunt,
743 2087 878 2117 amaro,
894 2075 1051 2109 amarz‘m
1067 2087 1129 2109 are
1146 2076 1288 2110 normal
1305 2076 1344 2110 in
1361 2076 1425 2111 the
1444 2077 1680 2119 Dramatists,

135 2132 199 2167 the
224 2133 291 2167 full
316 2134 431 2168 forms
455 2145 671 2175 amarermn,
699 2139 920 2175 amaverunt,
948 2145 1122 2176 amavero,
1150 2135 1346 2168 amaverim
1374 2134 1483 2179 being
1508 2134 1598 2169 used
1627 2135 1683 2169 for

136 2192 303 2226 metrical
319 2192 562 2227 convenience
579 2195 618 2226 at
635 2191 700 2226 the
717 2191 788 2226 end
805 2192 846 2225 of
866 2203 888 2226 a
906 2192 978 2226 line
996 2204 1037 2226 or
1053 2192 1260 2227 hemistich.
1312 2193 1390 2227 The
1407 2193 1629 2228 derivatives
1646 2193 1688 2227 of

138 2250 298 2284 Perfectus
315 2250 353 2284 in
372 2250 441 2284 -e'vi
461 2261 523 2284 are
546 2249 712 2284 however
735 2252 800 2284 not
817 2250 921 2295 quite
944 2261 984 2284 so
1006 2249 1145 2295 readily
1162 2250 1376 2285 contr-acted
1398 2262 1439 2284 as
1459 2250 1523 2285 the
1546 2250 1680 2294 others,

136 2310 265 2353 except
291 2308 328 2342 in
354 2308 494 2342 certain
520 2307 636 2350 verbs,
662 2307 752 2342 such
778 2319 818 2341 as
843 2307 998 2350 decerno,
1017 2319 1183 2350 assuesw,
1203 2320 1392 2351 consuesco,
1418 2309 1565 2355 quiesco.
1616 2309 1683 2343 We

136 2366 229 2401 have
247 2367 283 2400 in
304 2367 457 2401 Plautus
473 2373 694 2409 consuerunt,
714 2367 862 2409 decrero,
883 2367 1072 2409 insum-am,
1093 2367 1259 2412 quierint.
1312 2367 1399 2412 (For
1422 2368 1603 2403 statistics
1623 2379 1683 2402 see

138 2424 266 2467 Brock,
289 2425 515 2468 Qurcestz'ones
535 2425 810 2467 Grammaticaa
829 2436 889 2470 pp.
910 2426 954 2460 97
972 2424 1069 2469 sqq.)
1197 2424 1394 2463 Alterius.
1449 2426 1466 2460 I
1485 2426 1602 2461 doubt
1618 2425 1683 2461 the

137 2482 231 2517 form
251 2483 419 2517 ‘almus’
438 2485 513 2528 (see
529 2485 616 2517 note
633 2494 681 2516 on
699 2494 730 2516 v.
751 2482 796 2526 8).

208 2543 286 2577 307.
336 2541 510 2578 Proinde
534 2543 593 2578 ub.
643 2541 711 2575 See
734 2544 821 2576 note
844 2553 891 2575 on
912 2553 943 2575 v.
964 2543 1033 2575 314
1056 2540 1179 2575 below.
1325 2542 1504 2580 Uismfui.
1555 2542 1608 2577 Cf.
1628 2543 1683 2577 ita

137 2611 213 2642 esse,
241 2599 315 2634 and
341 2610 400 2633 ¹see
427 2602 514 2633 note
540 2610 587 2633 on
613 2600 668 2633 ita
697 2599 828 2642 uidere,
858 2612 889 2634 v.
922 2602 996 2633 120.
1236 2600 1464 2644 Imperator
1490 2600 1681 2646 familiae,

139 2660 216 2691 “an
243 2657 482 2702 exaggerated
509 2657 652 2702 phrase,
680 2657 857 2692 intended
884 2661 923 2692 to
950 2657 1058 2691 make
1084 2668 1131 2691 an
1159 2657 1378 2702 impression
1406 2670 1505 2704 upon
1533 2658 1682 2703 Hegio.'’

140 2715 281 2750 Morris.
335 2715 475 2750 Rather
490 2716 576 2761 imp.
598 2716 664 2749 has·
682 2716 731 2750 its
749 2715 902 2760 original
921 2726 1027 2749 sense
1047 2718 1055 2733 ‘
1067 2715 1131 2760 qui
1149 2715 1328 2761 imperat!

209 2776 286 2809 309.
338 2773 424 2810 Hoc
441 2775 485 2809 te
502 2774 959 2810 monitum...uoluerim.
1010 2773 1063 2808 Cf.
1090 2786 1121 2808 v.
1142 2776 1196 2808 53.
1365 2775 1456 2811 Nisi
1473 2775 1580 2811 forte
1597 2775 1683 2818 ipse

138 2841 219 2867 non
236 2832 311 2868 uis.
363 2830 416 2865 Cf.
438 2831 537 2866 Cure.
558 2834 602 2865 82
625 2832 698 2865 nim·
719 2832 838 2872 neuis;
867 2832 961 2866 Men.
983 2833 1049 2867 787
1074 2832 1159 2867 Nisi
1179 2845 1247 2867 rnou
1274 2834 1349 2875 uis;
1376 2833 1475 2867 Trin.
1498 2835 1567 2867 328
1589 2834 1622 2867 si
1643 2839 1683 2867 tu
