1888 3169
99 180 305 234 889—896]
674 191 769 222 Aer.
802 191 864 222 1v.
924 192 985 223 sc.
1018 192 1064 223 11.
1564 185 1645 225 321

100 305 387 354 Liberorum
417 306 815 371 quaerundorum
846 324 996 355 eausa
1030 307 1089 364 ei,
1117 306 1276 364 credo,
1304 326 1431 356 uxor
1459 309 1643 357 datast.

101 384 234 432 HEG.
274 384 382 442 Dic,
410 385 573 432 bonan
597 384 694 433 fide
719 391 779 433 tu
802 385 870 432 mi
894 385 1051 434 istaec
1074 386 1226 434 uerba
1246 386 1458 435 dixisti?
1516 388 1644 438 ERG.

235 461 386 510 Bona.
1579 481 1650 514 890

101 540 233 589 HEG.
287 541 357 588 Di
398 541 699 600 inmortales,
743 541 926 590 iterum
973 548 1160 607 gnatus
1208 542 1394 601 uideor,
1444 544 1486 592 si
1531 562 1650 593 uera

233 626 478 668 autumas.

100 697 225 746 ERG.
267 698 368 746 Ain
392 700 487 746 tu?
525 698 731 746 dubium
756 698 961 747 habebis
986 699 1153 758 etiam,
1179 706 1352 748 sancte
1376 719 1524 766 quom
1557 719 1648 767 ego

233 776 390 834 iurem
425 778 555 826 tibi?

100 856 371 915 Postremo,
412 857 589 922 Hegio,
628 857 669 905 si
704 875 861 922 parua
897 858 991 905 iuri
1026 858 1286 907 iurandost
1321 858 1460 917 fides,

99 934 219 983 Vise
261 935 326 983 ad
372 945 582 1001 portum.
658 937 794 985 HEG.
844 937 1026 985 Facere
1074 944 1330 986 certumst.
1403 945 1462 986 tu
1509 938 1648 987 intus

236 1032 352 1062 cura
384 1015 517 1080 quod
553 1033 686 1079 opus·
713 1021 801 1063 est.

100 1091 265 1150 Sume,
304 1111 461 1158 posce,
499 1112 668 1158 prome
704 1094 825 1159 quid
860 1094 947 1142 uis.
1023 1101 1076 1142 te
1112 1094 1237 1142 facio
1274 1094 1538 1144 cellarium.
1579 1111 1647 1144 895

98 1171 224 1220 EBG.
266 1171 397 1220 Nam
434 1172 611 1230 hercle,
648 1172 743 1220 nisi
779 1173 1164 1222 mantiscinatus
1199 1173 1351 1238 probe
1387 1192 1484 1232 ero,
1522 1175 1648 1224 fusti

234 1258 430 1315 pectlto.

165 1417 238 1448 889.
289 1415 549 1455 querundorum
567 1417 648 1447 libri
774 1415 856 1447 data
872 1418 924 1446 est
945 1415 1034 1446 VEJ
1207 1416 1281 1448 890.
1323 1421 1400 1455 post
1416 1415 1480 1447 Dic
1496 1418 1648 1457 sequitur

100 1466 130 1498 ei
147 1472 299 1508 expunct.
320 1469 357 1498 in
373 1469 405 1498 E
519 1467 647 1499 bonam
667 1468 698 1498 V
797 1466 885 1498 mihi
902 1468 982 1497 libri
1001 1465 1119 1508 (michi
1134 1465 1175 1508 J)
1288 1466 1373 1497 istec
1391 1468 1470 1498 libri
1489 1467 1583 1508 (corr.
1605 1468 1645 1510 J)

100 1519 175 1551 891.
222 1519 279 1549 Dii
305 1520 332 1550 J
446 1519 662 1550 immortales
687 1519 778 1550 BVJ
888 1519 917 1550 si
948 1528 1033 1550 uara
1059 1519 1103 1550 Bl
1134 1519 1229 1560 (corr.
1260 1518 1317 1558 B3)
1349 1520 1422 1558 (vix
1452 1529 1557 1551 uaera
1587 1519 1646 1559 R3)

101 1572 174 1603 892.
220 1571 287 1602 Ain
304 1574 343 1602 tu
359 1582 398 1603 ex
414 1571 482 1602 Ain
499 1573 547 1603 B:
571 1572 625 1602 An
643 1574 681 1602 tu
698 1581 736 1602 ex
752 1570 819 1601 Ain
836 1573 874 1601 tu
891 1581 956 1602 ras.
977 1572 1015 1601 in
1030 1571 1062 1601 E
1174 1572 1314 1601 sanctae
1332 1572 1412 1602 libri
1529 1581 1607 1603 cum
1623 1573 1650 1603 J

99 1623 172 1655 893.
221 1623 295 1663 egio
321 1622 364 1654 Bl
393 1624 488 1665 (corr.
516 1622 561 1654 13³
584 1629 621 1654 ut
644 1622 726 1664 vicl.)
751 1623 778 1653 J
870 1622 937 1653 uiri
961 1621 1107 1653 iurando
1131 1624 1182 1653 est
1210 1622 1252 1653 V:
1286 1621 1353 1653 iuri
1376 1622 1524 1654 iurando
1548 1626 1599 1654 est
1622 1624 1650 1654 J

98 1674 172 1706 894.
219 1674 279 1705 Vis
296 1677 369 1706 erat
390 1675 434 1707 V:
459 1675 519 1705 Vis
535 1678 591 1706 eat
608 1685 647 1705 esc
665 1674 725 1705 Vis
741 1677 815 1705 erat
833 1684 896 1706 ras,
918 1675 950 1704 E
967 1678 1003 1704 ut
1019 1674 1089 1704 vid.
1233 1675 1388 1704 certunst
1404 1675 1467 1705 BE
1481 1684 1488 1705 :
1513 1677 1645 1706 certum

98 1728 150 1757 est
171 1727 225 1757 VJ
340 1728 415 1760 895.
462 1728 517 1758 ius
538 1727 597 1757 VE
702 1729 736 1757 te
753 1737 791 1757 er
808 1730 858 1757 ste
874 1732 911 1757 ¹ut
927 1726 996 1758 vid.
1017 1728 1046 1757 B
1163 1725 1246 1757 satio
1268 1727 1326 1756 VE
1431 1726 1504 1758 896.
1554 1727 1644 1758 EBG.

94 1787 221 1817 praem.
238 1777 300 1810 13³2
325 1789 385 1810 om.
404 1781 504 1809 ceteri
609 1778 697 1808 ercle
713 1778 745 1808 E
849 1777 931 1809 hero
944 1777 1041 1809 fuisti
1057 1778 1083 1808 J
1183 1777 1324 1818 plectite
1341 1776 1386 1809 B3

102 1910 199 1946 Prin.
231 1914 321 1946 1022
347 1912 519 1959 ferriteri.
573 1913 644 1947 For
672 1912 737 1947 the
766 1911 873 1946 other
902 1922 1007 1945 sense
1040 1911 1081 1945 of
1111 1917 1181 1946 tero
1214 1911 1258 1945 cf.
1290 1911 1395 1956 Prop.
1426 1920 1481 1945 ΙΙΙ.
1511 1911 1557 1946 xi.
1587 1913 1643 1955 30,

100 1970 243 2004 Petron.
272 1973 326 2007 87.
354 1974 384 2005 8.

168 2031 246 2064 890.
298 2029 439 2066 Bonan
455 2030 544 2075 fide,
563 2030 628 2065 the
645 2032 795 2064 current
817 2029 1038 2074 expression.
1092 2029 1129 2063 It
1151 2028 1252 2073 gives
1270 2028 1437 2063 occasion
1455 2028 1511 2063 for
1527 2040 1549 2062 a
1565 2040 1643 2074 pun

98 2086 136 2121 in
155 2087 255 2122 Most.
276 2089 362 2123 670:

332 2159 375 2192 A.
420 2159 519 2193 Tuos
544 2159 635 2193 emit
660 2157 761 2192 aedis
786 2158 892 2191 filius.
944 2157 985 2191 B.
1031 2156 1160 2190 Bonan
1186 2156 1282 2191 fide?

333 2217 376 2250 A.
420 2217 611 2262 Siquidem
636 2220 680 2251 tu
705 2220 901 2261 argentum
926 2215 1158 2258 reddituru's,
1186 2219 1268 2250 tum
1294 2215 1400 2258 bona,

333 2275 372 2309 Si
398 2274 610 2309 reddituras
636 2286 709 2308 non
735 2286 782 2316 es,
810 2285 883 2307 non
909 2274 1000 2307 emit
1025 2272 1130 2307 bona.

168 2344 247 2377 891.
298 2342 403 2377 Poen.
427 2346 515 2379 1077
535 2344 669 2378 Iterum
687 2343 779 2377 mihi
793 2349 926 2389 'qualus
946 2343 1078 2386 ui«.leor‚
1099 2343 1187 2389 qnia.
1206 2349 1236 2377 te
1253 2344 1402 2389 repperi.

168 2402 245 2435 892.
297 2401 422 2445 Quom
439 2412 509 2445 ego
527 2403 666 2438 iurem.
719 2402 790 2436 For
811 2402 876 2436 the
900 2401 1142 2446 Subjunctive
1160 2402 1249 2436 with
1268 2402 1511 2436 Adversative
1534 2414 1640 2449 quom

97 2459 140 2493 cf.
160 2459 288 2494 Pseud.
311 2463 377 2494 184
401 2460 454 2494 Eo
474 2473 534 2494 uos
556 2467 759 2507 nostrosque
780 2461 943 2507 pantices
966 2460 1054 2494 adeo
1080 2460 1341 2506 rszadcsssicctcctz's,
1361 2473 1467 2507 quom
1489 2473 1550 2507 eqo
1572 2462 1640 2495 sim

97 2517 154 2551 hic
178 2519 296 2561 sicczcs,
324 2519 415 2553 Rud.
444 2522 533 2554 1124
570 2520 650 2553 Vidi
669 2526 786 2566 petere
812 2519 969 2561 miluom,
993 2519 1102 2553 etiam
1127 2531 1232 2565 quom
1259 2518 1313 2552 nil
1337 2519 1495 2564 ‹lzlferret
1521 2526 1639 2554 tamen

98 2577 156 2620 (ef.
177 2577 277 2611 Most.
298 2580 376 2619 896,
400 2577 496 2612 Τνίπ.
519 2581 597 2621 733,
616 2579 694 2612 Ter.
715 2578 829 2612 Andr.
851 2580 943 2620 944).

170 2642 246 2674 893.
303 2641 435 2678 Parua
457 2644 522 2678 est
547 2642 657 2678 fides.
711 2642 754 2675 In
778 2640 884 2675 other
909 2651 1144 2674 occurrenccs
1170 2640 1209 2674 of
1231 2640 1307 2674 this
1332 2640 1466 2685 phrase
1492 2641 1635 2685 (Bacch.

98 2700 176 2740 570,
198 2698 326 2732 Pseud.
348 2700 426 2741 467,
442 2702 521 2741 477,
541 2699 619 2733 Ter.
638 2700 732 2733 Eum.
754 2700 833 2741 197)
849 2710 900 2731 wc
918 2698 1009 2731 have
1028 2698 1092 2731 the
1106 2698 1252 2732 variant
1265 2710 1411 2744 parum,
1427 2699 1546 2733 which
1565 2699 1637 2733 will

98 2761 164 2790 not
189 2768 276 2790 scan
301 2757 425 2791 unless
452 2769 502 2791 we
527 2769 589 2791 are
615 2762 653 2791 to
680 2762 818 2791 restore
843 2757 907 2790 the
931 2755 989 2790 old
1016 2757 1109 2789 form
1131 2768 1287 2801 parvum
1314 2758 1372 2801 (cf.
1398 2757 1512 2801 boum,
1537 2757 1638 2792 older

99 2813 232 2857 bovum,
255 2816 407 2858 Gnaeus,
426 2814 528 2849 older
548 2816 737 2859 Gnaeum).
790 2813 940 2848 Editors
958 2813 1165 2848 substitute
1176 2826 1311 2860 parua.

168 2874 245 2907 896.
296 2873 410 2917 Nam,
441 2876 565 2908 ‘truel
597 2874 672 2916 for‚’
698 2874 769 2915 &c.‚
796 2886 818 2906 a
843 2884 1012 2906 common
1039 2884 1103 2906 use
1128 2873 1168 2907 of
1189 2873 1253 2907 the
1278 2873 1534 2919 Conjunction.
1587 2873 1635 2908 So

206 2948 236 2973 L.
265 2948 294 2973 P.
1476 2938 1522 2974 21
