1888 3169
113 165 317 219 752—762]
700 176 796 207 Acr.
829 176 894 206 111.
955 176 1015 207 80.
1046 176 1087 206 v.
1574 167 1657 209 289

113 280 219 345 Ego
255 279 352 328 illis
388 279 601 345 captiuis
637 279 746 328 aliis
782 279 1137 327 documentum
1172 279 1314 337 dabo,

112 357 190 405 Ne
227 358 328 407 tale
364 358 622 424 quisquam
659 359 850 406 facinus
886 358 1100 423 incipere
1136 357 1332 406 audeat.

112 436 258 496 Quod
289 438 474 503 absque
510 438 600 485 hoc
637 443 782 494 esset,
821 437 906 502 qui
941 436 1064 484 mihi
1099 437 1190 484 hoc
1227 437 1346 484 fecit
1381 437 1556 501 palam,

113 515 288 581 Usque
324 516 619 564 offrenatum
655 516 756 564 suis
792 534 870 563 me
906 515 1174 564 ductarent
1210 515 1348 564 dolis.
1590 530 1657 566 755

112 596 161 643 Ν
164 613 259 644 unc
295 602 483 644 certum
522 602 600 644 est
635 595 758 643 nulli
795 595 1002 660 posthac
1038 595 1302 661 quicquam
1337 595 1546 644 credere.

113 673 248 722 Satis
284 693 393 723 sum
430 675 580 724 semel
616 675 868 740 deceptus.
944 675 1155 739 Speraui
1190 675 1337 723 miser

112 753 191 800 Ex
227 754 472 802 seruitute
509 773 587 802 me
623 755 863 802 exemisse
898 753 1086 802 filium:

111 831 187 879 Ea
222 850 332 897 spes
369 833 536 897 elapsa
571 839 660 881 est.
736 832 938 880 Perdidi
975 850 1129 879 unum
1165 832 1333 888 filium,

111 910 327 957 Puerum
363 911 675 976 quadrimum
712 930 859 977 quem
895 911 1017 958 mihi
1053 929 1220 959 seruos
1257 910 1513 976 surripuit,
1590 924 1659 959 760

111 989 287 1054 Neque
323 1007 437 1037 eum
473 1007 664 1037 seruom
701 1008 934 1054 umquam
972 990 1165 1054 repperi
1201 1007 1361 1055 neque
1396 989 1584 1046 filium3

112 1067 271 1115 Maior
306 1067 498 1133 potitus
535 1069 754 1116 hostium
791 1075 880 1116 est.
954 1068 1086 1134 quod
1122 1068 1212 1116 hoc
1248 1075 1325 1116 est
1362 1069 1557 1117 scelus?

179 1219 253 1251 752.
288 1219 446 1259 captiuus
462 1221 504 1252 J:
526 1220 636 1260 captis
651 1221 838 1251 Camerariz·
854 1229 954 1250 mauu
972 1220 1008 1250 iu
1024 1219 1053 1249 B
1135 1218 1207 1251 753.
1244 1218 1368 1249 Natale
1389 1218 1448 1248 ΥΕ
1512 1218 1661 1258 incipere

115 1270 146 1312 (e
162 1281 202 1301 ex
217 1272 253 1310 p)
270 1273 299 1302 B
442 1273 515 1305 754.
566 1273 672 1304 michi
689 1274 749 1304 Ε]
888 1272 962 1303 755.
1011 1271 1217 1302 offrenatum
1237 1271 1436 1301 Gulielmius
1458 1271 1562 1302 Veris.
1580 1281 1623 1302 111
1642 1272 1659 1302 1

109 1334 144 1363 p.
163 1324 226 1356 299
248 1325 391 1365 itemque
409 1326 603 1357 Acidalius:
629 1325 719 1356 ofere
740 1326 862 1355 natum
885 1325 931 1356 B:
957 1323 1061 1354 offere
1085 1325 1227 1362 gnatum
1246 1324 1290 1353 V:
1315 1322 1434 1353 offerre
1456 1324 1579 1353 natum
1603 1324 1664 1354 Ε]

113 1374 186 1407 756.
236 1375 379 1414 posthac
395 1377 537 1407 Bothius
555 1387 593 1407 ex
613 1377 742 1416 Gueff.:
767 1376 931 1416 posthaec
949 1376 1026 1406 libri
1093 1376 1164 1407 757.
1209 1373 1358 1413 deceptis
1374 1373 1417 1403 V1
1437 1373 1532 1415 (corr.
1552 1373 1609 1416 V'2)
1627 1377 1660 1406 E

113 1426 187 1457 758.
220 1426 345 1457 seruite
360 1427 390 1468 (e
401 1428 461 1458 alt.
479 1429 517 1458 in
529 1429 548 1459 3
561 1429 628 1459 litt.
640 1427 720 1470 ras.)
732 1429 762 1458 Β
776 1441 782 1459 :
801 1427 967 1458 seruitute
978 1437 1018 1458 ez·
1029 1436 1101 1457 eru·
1117 1427 1146 1456 V
1203 1435 1257 1456 me
1270 1436 1330 1456 om.
1343 1425 1370 1455 J
1428 1425 1502 1457 759.
1535 1435 1611 1465 spes
1622 1428 1660 1457 in

111 1487 180 1508 ras.
193 1478 223 1508 B
297 1478 413 1510 elabsa
426 1489 465 1510 ex
479 1479 594 1519 elapsa
606 1481 634 1510 Β
724 1480 798 1512 760.
846 1478 952 1509 11110111
968 1479 995 1508 J
1075 1486 1192 1508 seruos
1208 1477 1249 1508 J:
1273 1486 1352 1507 -uus
1370 1481 1446 1507 cett.
1519 1476 1614 1513 subr.
1627 1478 1659 1507 E

114 1527 188 1561 761.
221 1538 360 1560 seruum
383 1530 435 1571 (επ
458 1541 553 1562 -uom
574 1536 612 1561 ut
633 1531 718 1572 vid.)
741 1532 790 1563 B:
815 1540 953 1561 seruom
975 1529 1017 1561 J:
1035 1538 1173 1560 seruum
1187 1529 1288 1559 ceteri
1454 1536 1607 1566 unquam
1630 1529 1660 1559 B

113 1581 224 1621 reperi
259 1582 287 1613 J
386 1583 520 1623 repperi
551 1593 718 1623 umquam
750 1585 782 1613 E
893 1592 954 1613 nec
984 1583 1011 1612 J
1122 1581 1195 1613 762.
1242 1589 1371 1611 versum
1403 1580 1488 1611 hunc
1521 1582 1660 1612 laudare

112 1635 248 1666 videtur
266 1636 397 1666 Nouius
416 1646 449 1676 p.
477 1636 552 1672 498,
571 1637 612 1666 25
634 1635 818 1677 (genetivus
838 1645 899 1676 pro
921 1634 1084 1676 ablativo)
1112 1633 1184 1664 ‘ille
1203 1633 1289 1664 alter
1310 1632 1442 1672 potitus
1462 1632 1573 1664 hostis
1593 1633 1661 1664 est'

114 1686 246 1726 potitus
262 1687 291 1717 B
308 1688 345 1718 in
360 1697 428 1718 raS.
533 1687 616 1726 quid
633 1688 660 1717 J

185 1816 262 1850 754.
314 1813 436 1858 Quod,
455 1826 496 1847 as
514 1814 551 1847 in
570 1813 705 1860 quodsi.
820 1812 986 1855 Absque
1003 1811 1077 1847 11οο
1096 1812 1215 1847 esset.
1268 1809 1347 1844 The
1366 1809 1597 1854 Preposition
1615 1810 1660 1845 ab

113 1871 335 1917 augmented
353 1871 402 1917 by
419 1872 484 1906 the
503 1871 659 1906 particle
679 1876 728 1905 -se
743 1871 783 1905 of
805 1870 872 1904 Gk.
894 1871 1032 1911 ἐκεῖ-σε,
1051 1868 1110 1903 &c
1131 1867 1281 1902 became
1298 1866 1360 1901 abs
1378 1867 1462 1911 (Gk.
1481 1866 1562 1913 ἄψ).
1616 1869 1660 1903 111

113 1931 178 1965 13118
193 1930 233 1965 O.
251 1930 329 1964 Lat.
345 1929 477 1975 phrase
489 1929 618 1976 absque
631 1941 685 1963 me
699 1928 757 1963 &c
774 1934 856 1962 esset
867 1928 996 1973 (foret)
1011 1926 1087 1961 this
1101 1926 1163 1960 abs
1175 1937 1292 1959 seems
1303 1928 1342 1959 to
1354 1924 1399 1959 be
1407 1924 1533 1970 joined
1548 1928 1587 1960 130
1597 1926 1661 1961 the

115 1988 313 2024 Indefinite
333 1988 489 2022 Particle
512 1999 577 2034 que
594 1987 678 2021 that
701 1997 856 2032 appears
874 1986 911 2019 in
935 1985 1158 2032 quaudoque,
1179 1983 1410 2026 ‘whenever‚’
1429 1983 1500 2026 &c.,
1519 1996 1560 2018 so
1576 1984 1661 2019 that

113 2047 178 2082 the
203 2047 337 2092 phrase
363 2046 522 2092 literally
548 2057 675 2079 means
704 2045 754 2078 ‘if
779 2055 864 2078 ever
890 2043 920 2077 it
945 2054 1037 2076 were
1062 2044 1169 2087 apart
1194 2042 1290 2075 from
1315 2041 1396 2075 me.⁷
1444 2041 1498 2076 At
1521 2054 1544 2076 a
1569 2042 1662 2077 later

114 2105 240 2151 period
263 2105 393 2152 absque
416 2117 468 2138 me
490 2104 549 2139 &c
569 2115 643 2137 was
666 2102 755 2136 used
773 2102 931 2136 without
954 2101 1017 2135 the
1035 2099 1133 2143 verb,
1152 2099 1225 2133 and
1248 2099 1378 2146 absque
1397 2111 1500 2134 came
1517 2102 1556 2134 to
1573 2101 1661 2135 take

114 2163 179 2198 the
195 2175 301 2198 sense
317 2163 357 2197 of
369 2163 455 2206 siue,
475 2164 484 2181 ‘
494 2161 674 2196 without!

187 2224 264 2257 759.
314 2220 462 2264 Elapsa
479 2222 555 2256 est.
607 2219 686 2253 The
704 2216 801 2251 word
820 2217 851 2251 is
869 2216 957 2250 used
975 2216 1015 2250 of
1033 2227 1081 2250 au
1099 2215 1153 2249 801
1170 2215 1208 2249 in
1227 2215 1355 2250 Pseud.
1377 2216 1443 2251 747
1462 2216 1658 2263 auquilast,

115 2280 279 2323 elabitur,
299 2281 308 2298 ‘
319 2279 365 2313 he
382 2278 472 2323 slips
488 2276 650 2321 through
666 2287 759 2321 your
776 2276 908 2319 fiugers
926 2274 998 2307 like
1015 2285 1063 2307 an
1081 2273 1155 2307 eel.'

187 2340 264 2373 760.
314 2336 529 2380 surripuit,
549 2334 635 2368 here
658 2332 893 2378 pronounced
914 2331 997 2375 (but
1020 2330 1198 2376 probably
1216 2334 1281 2366 not
1304 2331 1400 2377 spelt
1422 2331 1471 2377 by
1491 2332 1660 2377 Plautus)

115 2408 156 2431 as
173 2408 195 2431 a
210 2394 426 2441 trisyilable,
443 2394 596 2440 surpuit.
647 2393 730 2437 (See
748 2394 833 2425 note
851 2402 898 2425 011
917 2402 948 2424 v.
968 2391 1016 2433 8.)

188 2457 266 2491 762.
316 2454 450 2490 Maior
468 2452 605 2498 (filius)
623 2452 682 2496 (cf.
703 2451 808 2485 Poen.
831 2452 931 2492 1156,
950 2449 1058 2484 Stich.
1075 2450 1146 2493 66),
1166 2449 1239 2484 like
1256 2450 1486 2496 miuorfilius
1504 2451 1551 2494 (v.
1572 2452 1660 2485 952:

116 2515 160 2549 cf.
180 2514 286 2548 Poen.
305 2511 394 2558 prol.
416 2512 507 2555 102).
559 2511 636 2545 The
654 2509 916 2555 Comparative
933 2507 1104 2553 precedes
1121 2508 1237 2554 filius,
1255 2508 1353 2554 filia.
1405 2509 1488 2553 (See
1509 2511 1596 2543 note
1613 2521 1660 2543 on

117 2584 150 2606 v.
170 2571 265 2615 708.)
361 2569 525 2606 Potitus
541 2569 721 2605 hostium
739 2570 812 2603 est.
862 2567 929 2601 See
953 2568 1039 2600 note
1056 2577 1103 2599 on
1122 2577 1153 2599 v.
1174 2568 1228 2600 92.
1374 2566 1486 2610 Quod
1502 2566 1577 2603 hoc
1595 2569 1660 2603 est

118 2628 279 2666 Scelus?
323 2627 402 2662 Ter.
423 2627 517 2661 Eun.
538 2629 606 2661 326
627 2625 724 2668 Quid
741 2625 802 2659 hoe
819 2630 867 2658 est
889 2623 1051 2657 sceleris?
1072 2623 1170 2669 perii
1186 2624 1239 2668 (in
1257 2635 1358 2658 same
1375 2635 1480 2658 sense
1496 2635 1537 2658 as
1555 2624 1658 2658 Adel.

119 2690 186 2722 544
223 2686 320 2730 Quid
348 2685 420 2728 hoc,
454 2685 603 2727 malum,
636 2683 861 2729 infelicitatis
874 2682 915 2726 ΪᾸ),
950 2682 1042 2716 Men.
1079 2684 1146 2716 :322
1184 2682 1287 2725 (guod
1315 2689 1345 2716 te
1379 2689 1479 2728 urgtet
1511 2682 1621 2716 scelus
1633 2682 1657 2716 Ζ.

119 2745 306 2790 Similarly
330 2745 395 2779 the
424 2743 507 2788 Adj.
536 2743 694 2778 scelestus
722 2743 752 2776 18
783 2741 870 2775 used
902 2742 937 2775 iu
967 2741 1031 2775 the
1061 2752 1165 2775 sense
1192 2742 1232 2775 of
1259 2741 1568 2784 ‘God-forsakenss
1594 2753 1658 2786 eg.

119 2805 219 2839 Most.
241 2806 309 2838 563
331 2815 374 2837 ue
398 2814 458 2849 eqo
482 2815 562 2836 sum
588 2803 698 2844 miser,
725 2801 902 2842 &ele-stus,
928 2805 1035 2833 uatus
1060 2799 1116 2833 alis
1140 2799 1296 2834 inimicas
1319 2799 1489 2834 ommibus.
1542 2799 1660 2834 There

118 2862 150 2896 is
174 2874 196 2896 a
224 2873 299 2907 pun
326 2872 372 2895 on
398 2861 462 2895 the
489 2863 561 2895 two
586 2871 710 2895 8011888
735 2859 775 2893 of
797 2858 955 2892 scelestus
981 2858 1017 2891 in
1045 2857 1145 2891 Asin.
1174 2859 1242 2892 476
1267 2857 1423 2902 Scelesta
1452 2870 1523 2892 uon
1548 2858 1659 2893 audes

230 2932 262 2959 1..
288 2932 318 2958 Ρ.
1505 2917 1551 2954 19
