<?xml version="1.0" encoding="UTF-8"?>
<!DOCTYPE html PUBLIC "-//W3C//DTD XHTML 1.0 Transitional//EN"
    "http://www.w3.org/TR/xhtml1/DTD/xhtml1-transitional.dtd">
<html xmlns="http://www.w3.org/1999/xhtml" xml:lang="en" lang="en">
 <head>
  <title>
</title>
<meta http-equiv="Content-Type" content="text/html;charset=utf-8" />
  <meta name='ocr-system' content='tesseract 3.04.00' />
  <meta name='ocr-capabilities' content='ocr_page ocr_carea ocr_par ocr_line ocrx_word'/>
</head>
<body>
  <div class='ocr_page' id='page_1' title='image "./captivieditedwit00plauuoft_0019.png"; bbox 0 0 1888 3169; ppageno 0'>
   <div class='ocr_carea' id='block_1_1' title="bbox 438 910 1312 954">
    <p class='ocr_par' dir='ltr' id='par_1_1' title="bbox 438 910 1312 954">
     <span class='ocr_line' id='line_1_1' title="bbox 438 910 1312 954; baseline -0.001 0"><span class='ocrx_word' id='word_1_1' title='bbox 438 910 842 954; x_wconf 81' lang='lat' dir='ltr'>CORRIGENDA</span> <span class='ocrx_word' id='word_1_2' title='bbox 884 911 956 952; x_wconf 91' lang='lat' dir='ltr'>ET</span> <span class='ocrx_word' id='word_1_3' title='bbox 998 911 1312 954; x_wconf 86' lang='lat' dir='ltr'>ADDENDA.</span> 
     </span>
    </p>
   </div>
   <div class='ocr_carea' id='block_1_2' title="bbox 426 1093 1122 1203">
    <p class='ocr_par' dir='ltr' id='par_1_2' title="bbox 426 1093 1122 1203">
     <span class='ocr_line' id='line_1_2' title="bbox 426 1093 1101 1136; baseline 0.001 -11"><span class='ocrx_word' id='word_1_4' title='bbox 426 1118 433 1125; x_wconf 91' lang='lat'>.</span> <span class='ocrx_word' id='word_1_5' title='bbox 459 1093 560 1136; x_wconf 88' lang='lat' dir='ltr'>Crit.)</span> <span class='ocrx_word' id='word_1_6' title='bbox 586 1094 630 1126; x_wconf 82' lang='lat' dir='ltr'>ad</span> <span class='ocrx_word' id='word_1_7' title='bbox 653 1104 684 1125; x_wconf 93' lang='lat' dir='ltr'>v.</span> <span class='ocrx_word' id='word_1_8' title='bbox 709 1094 750 1125; x_wconf 86' lang='lat'>44</span> <span class='ocrx_word' id='word_1_9' title='bbox 818 1095 884 1126; x_wconf 83' lang='lat' dir='ltr'>del.</span> <span class='ocrx_word' id='word_1_10' title='bbox 923 1094 1007 1136; x_wconf 80' lang='lat' dir='ltr'>(sae-</span> <span class='ocrx_word' id='word_1_11' title='bbox 1035 1094 1101 1135; x_wconf 84' lang='lat' dir='ltr'>V?)</span> 
     </span>
     <span class='ocr_line' id='line_1_3' title="bbox 426 1160 1122 1203; baseline -0.001 -11"><span class='ocrx_word' id='word_1_12' title='bbox 426 1185 432 1192; x_wconf 96' lang='lat'>.</span> <span class='ocrx_word' id='word_1_13' title='bbox 459 1161 559 1203; x_wconf 86' lang='lat' dir='ltr'>Crit.)</span> <span class='ocrx_word' id='word_1_14' title='bbox 583 1160 626 1192; x_wconf 86' lang='lat' dir='ltr'>ad</span> <span class='ocrx_word' id='word_1_15' title='bbox 650 1171 681 1192; x_wconf 93' lang='lat' dir='ltr'>v.</span> <span class='ocrx_word' id='word_1_16' title='bbox 706 1161 746 1193; x_wconf 87' lang='lat'>47</span> <span class='ocrx_word' id='word_1_17' title='bbox 815 1171 900 1192; x_wconf 85' lang='lat' dir='ltr'>corr.</span> <span class='ocrx_word' id='word_1_18' title='bbox 925 1164 999 1201; x_wconf 73' lang='lat' dir='ltr'>cop.</span> <span class='ocrx_word' id='word_1_19' title='bbox 1023 1161 1122 1192; x_wconf 84' lang='lat' dir='ltr'>DVE</span> 
     </span>
    </p>
   </div>
   <div class='ocr_carea' id='block_1_3' title="bbox 184 1094 766 1723">
    <p class='ocr_par' dir='ltr' id='par_1_3' title="bbox 184 1094 420 1134">
     <span class='ocr_line' id='line_1_4' title="bbox 184 1094 420 1134; baseline 0 -9"><span class='ocrx_word' id='word_1_20' title='bbox 184 1103 218 1134; x_wconf 90' lang='lat' dir='ltr'>p.</span> <span class='ocrx_word' id='word_1_21' title='bbox 244 1094 308 1126; x_wconf 87' lang='lat'>130</span> <span class='ocrx_word' id='word_1_22' title='bbox 332 1094 420 1134; x_wconf 90' lang='lat' dir='ltr'>(App</span> 
     </span>
    </p>

    <p class='ocr_par' dir='ltr' id='par_1_4' title="bbox 185 1161 420 1203">
     <span class='ocr_line' id='line_1_5' title="bbox 185 1161 420 1203; baseline 0 -11"><span class='ocrx_word' id='word_1_23' title='bbox 185 1170 217 1201; x_wconf 90' lang='lat' dir='ltr'>p.</span> <span class='ocrx_word' id='word_1_24' title='bbox 245 1162 306 1193; x_wconf 83' lang='lat'>132</span> <span class='ocrx_word' id='word_1_25' title='bbox 332 1161 420 1203; x_wconf 85' lang='lat' dir='ltr'>(App</span> 
     </span>
    </p>

    <p class='ocr_par' dir='ltr' id='par_1_5' title="bbox 184 1281 766 1591">
     <span class='ocr_line' id='line_1_6' title="bbox 184 1281 742 1324; baseline 0 -10"><span class='ocrx_word' id='word_1_26' title='bbox 184 1292 217 1323; x_wconf 91' lang='lat' dir='ltr'>p.</span> <span class='ocrx_word' id='word_1_27' title='bbox 244 1283 305 1314; x_wconf 87' lang='lat'>134</span> <span class='ocrx_word' id='word_1_28' title='bbox 332 1281 430 1324; x_wconf 92' lang='lat' dir='ltr'><strong>(App.</strong></span> <span class='ocrx_word' id='word_1_29' title='bbox 455 1282 553 1324; x_wconf 87' lang='lat' dir='ltr'>Crit.)</span> <span class='ocrx_word' id='word_1_30' title='bbox 578 1282 621 1313; x_wconf 88' lang='lat' dir='ltr'>ad</span> <span class='ocrx_word' id='word_1_31' title='bbox 644 1292 675 1313; x_wconf 88' lang='lat' dir='ltr'>v.</span> <span class='ocrx_word' id='word_1_32' title='bbox 701 1283 742 1314; x_wconf 85' lang='lat'>56</span> 
     </span>
     <span class='ocr_line' id='line_1_7' title="bbox 184 1348 743 1390; baseline 0.002 -11"><span class='ocrx_word' id='word_1_33' title='bbox 184 1358 217 1389; x_wconf 88' lang='lat' dir='ltr'>p.</span> <span class='ocrx_word' id='word_1_34' title='bbox 243 1348 305 1379; x_wconf 87' lang='lat'>146</span> <span class='ocrx_word' id='word_1_35' title='bbox 331 1348 430 1390; x_wconf 88' lang='lat' dir='ltr'>(App.</span> <span class='ocrx_word' id='word_1_36' title='bbox 456 1348 553 1390; x_wconf 85' lang='lat' dir='ltr'>Crit.)</span> <span class='ocrx_word' id='word_1_37' title='bbox 578 1348 622 1380; x_wconf 86' lang='lat' dir='ltr'>ad</span> <span class='ocrx_word' id='word_1_38' title='bbox 646 1358 676 1379; x_wconf 89' lang='lat' dir='ltr'>v.</span> <span class='ocrx_word' id='word_1_39' title='bbox 700 1348 743 1382; x_wconf 83' lang='lat'>96</span> 
     </span>
     <span class='ocr_line' id='line_1_8' title="bbox 184 1415 766 1457; baseline 0.002 -11"><span class='ocrx_word' id='word_1_40' title='bbox 184 1426 217 1456; x_wconf 88' lang='lat' dir='ltr'>p.</span> <span class='ocrx_word' id='word_1_41' title='bbox 244 1416 305 1448; x_wconf 82' lang='lat'>156</span> <span class='ocrx_word' id='word_1_42' title='bbox 331 1416 430 1457; x_wconf 88' lang='lat' dir='ltr'>(App.</span> <span class='ocrx_word' id='word_1_43' title='bbox 455 1415 554 1454; x_wconf 89' lang='lat' dir='ltr'>Crit.)</span> <span class='ocrx_word' id='word_1_44' title='bbox 579 1415 623 1447; x_wconf 86' lang='lat' dir='ltr'>ad</span> <span class='ocrx_word' id='word_1_45' title='bbox 647 1425 677 1446; x_wconf 95' lang='lat' dir='ltr'>v.</span> <span class='ocrx_word' id='word_1_46' title='bbox 704 1415 766 1447; x_wconf 89' lang='grc'>140</span> 
     </span>
     <span class='ocr_line' id='line_1_9' title="bbox 184 1482 764 1523; baseline 0.002 -10"><span class='ocrx_word' id='word_1_47' title='bbox 184 1492 218 1523; x_wconf 92' lang='lat' dir='ltr'>p.</span> <span class='ocrx_word' id='word_1_48' title='bbox 244 1482 306 1513; x_wconf 89' lang='lat'>168</span> <span class='ocrx_word' id='word_1_49' title='bbox 331 1482 430 1523; x_wconf 88' lang='lat' dir='ltr'>(App.</span> <span class='ocrx_word' id='word_1_50' title='bbox 455 1482 552 1522; x_wconf 84' lang='lat' dir='ltr'>Grit.)</span> <span class='ocrx_word' id='word_1_51' title='bbox 577 1482 621 1514; x_wconf 83' lang='lat' dir='ltr'>ad</span> <span class='ocrx_word' id='word_1_52' title='bbox 644 1492 676 1514; x_wconf 89' lang='lat' dir='ltr'>v.</span> <span class='ocrx_word' id='word_1_53' title='bbox 702 1483 764 1514; x_wconf 88' lang='lat'>186</span> 
     </span>
     <span class='ocr_line' id='line_1_10' title="bbox 184 1548 706 1591; baseline 0.002 -12"><span class='ocrx_word' id='word_1_54' title='bbox 184 1559 216 1589; x_wconf 90' lang='lat' dir='ltr'>p.</span> <span class='ocrx_word' id='word_1_55' title='bbox 244 1549 305 1581; x_wconf 83' lang='lat'>172</span> <span class='ocrx_word' id='word_1_56' title='bbox 331 1548 430 1590; x_wconf 90' lang='lat' dir='ltr'>(App.</span> <span class='ocrx_word' id='word_1_57' title='bbox 456 1549 552 1591; x_wconf 83' lang='lat' dir='ltr'>Crit.)</span> <span class='ocrx_word' id='word_1_58' title='bbox 577 1549 620 1580; x_wconf 86' lang='lat' dir='ltr'>ad</span> <span class='ocrx_word' id='word_1_59' title='bbox 643 1559 671 1579; x_wconf 94' lang='lat'>11</span> <span class='ocrx_word' id='word_1_60' title='bbox 694 1548 706 1580; x_wconf 89' lang='lat' dir='ltr'>i</span> 
     </span>
    </p>

    <p class='ocr_par' dir='ltr' id='par_1_6' title="bbox 185 1615 766 1723">
     <span class='ocr_line' id='line_1_11' title="bbox 185 1615 766 1657; baseline 0.003 -12"><span class='ocrx_word' id='word_1_61' title='bbox 185 1624 218 1654; x_wconf 89' lang='lat' dir='ltr'>p.</span> <span class='ocrx_word' id='word_1_62' title='bbox 245 1615 306 1646; x_wconf 89' lang='lat'>188</span> <span class='ocrx_word' id='word_1_63' title='bbox 332 1615 432 1657; x_wconf 89' lang='lat' dir='ltr'>(App.</span> <span class='ocrx_word' id='word_1_64' title='bbox 458 1615 554 1656; x_wconf 87' lang='lat' dir='ltr'>Crit.)</span> <span class='ocrx_word' id='word_1_65' title='bbox 580 1615 624 1646; x_wconf 87' lang='lat' dir='ltr'>ad</span> <span class='ocrx_word' id='word_1_66' title='bbox 647 1625 678 1646; x_wconf 88' lang='lat' dir='ltr'>v.</span> <span class='ocrx_word' id='word_1_67' title='bbox 703 1615 766 1647; x_wconf 85' lang='lat'>266</span> 
     </span>
     <span class='ocr_line' id='line_1_12' title="bbox 185 1680 462 1723; baseline 0.004 -12"><span class='ocrx_word' id='word_1_68' title='bbox 185 1690 218 1721; x_wconf 91' lang='lat' dir='ltr'>p.</span> <span class='ocrx_word' id='word_1_69' title='bbox 243 1680 306 1712; x_wconf 86' lang='lat'>216</span> <span class='ocrx_word' id='word_1_70' title='bbox 330 1681 462 1723; x_wconf 82' lang='lat' dir='ltr'>(Notes)</span> 
     </span>
    </p>
   </div>
   <div class='ocr_carea' id='block_1_4' title="bbox 213 1917 774 1959">
    <p class='ocr_par' dir='ltr' id='par_1_7' title="bbox 213 1917 774 1959">
     <span class='ocr_line' id='line_1_13' title="bbox 213 1917 774 1959; baseline 0.002 -12"><span class='ocrx_word' id='word_1_71' title='bbox 213 1941 219 1947; x_wconf 93' lang='lat'>.</span> <span class='ocrx_word' id='word_1_72' title='bbox 245 1917 307 1947; x_wconf 89' lang='lat'>231</span> <span class='ocrx_word' id='word_1_73' title='bbox 333 1917 461 1958; x_wconf 86' lang='lat' dir='ltr'>(Notes)</span> <span class='ocrx_word' id='word_1_74' title='bbox 485 1917 529 1949; x_wconf 87' lang='lat' dir='ltr'>ad</span> <span class='ocrx_word' id='word_1_75' title='bbox 552 1927 582 1948; x_wconf 88' lang='lat' dir='ltr'>v.</span> <span class='ocrx_word' id='word_1_76' title='bbox 607 1918 671 1950; x_wconf 84' lang='lat'>458</span> <span class='ocrx_word' id='word_1_77' title='bbox 689 1917 774 1959; x_wconf 90' lang='lat' dir='ltr'>(fin.)</span> 
     </span>
    </p>
   </div>
   <div class='ocr_carea' id='block_1_5' title="bbox 811 1225 894 1247">
    <p class='ocr_par' dir='ltr' id='par_1_8' title="bbox 811 1225 894 1247">
     <span class='ocr_line' id='line_1_14' title="bbox 811 1225 894 1247; baseline -0.012 0"><span class='ocrx_word' id='word_1_78' title='bbox 811 1225 894 1247; x_wconf 78' lang='lat' dir='ltr'>COYT.</span> 
     </span>
    </p>
   </div>
   <div class='ocr_carea' id='block_1_6' title="bbox 809 1293 891 1314">
    <p class='ocr_par' dir='ltr' id='par_1_9' title="bbox 809 1293 891 1314">
     <span class='ocr_line' id='line_1_15' title="bbox 809 1293 891 1314; baseline -0.012 0"><span class='ocrx_word' id='word_1_79' title='bbox 809 1293 891 1314; x_wconf 75' lang='grc' dir='ltr'><em>ΟΟΤΓ.</em></span> 
     </span>
    </p>
   </div>
   <div class='ocr_carea' id='block_1_7' title="bbox 810 1359 894 1380">
    <p class='ocr_par' dir='ltr' id='par_1_10' title="bbox 810 1359 894 1380">
     <span class='ocr_line' id='line_1_16' title="bbox 810 1359 894 1380; baseline 0 0"><span class='ocrx_word' id='word_1_80' title='bbox 810 1359 894 1380; x_wconf 72' lang='grc' dir='ltr'><strong><em>ΟΟΓΥ.</em></strong></span> 
     </span>
    </p>
   </div>
   <div class='ocr_carea' id='block_1_8' title="bbox 811 1425 895 1447">
    <p class='ocr_par' dir='ltr' id='par_1_11' title="bbox 811 1425 895 1447">
     <span class='ocr_line' id='line_1_17' title="bbox 811 1425 895 1447; baseline -0.024 0"><span class='ocrx_word' id='word_1_81' title='bbox 811 1425 895 1447; x_wconf 72' lang='grc' dir='ltr'><strong><em>ΟΟΓΓ.</em></strong></span> 
     </span>
    </p>
   </div>
   <div class='ocr_carea' id='block_1_9' title="bbox 811 1492 894 1514">
    <p class='ocr_par' dir='ltr' id='par_1_12' title="bbox 811 1492 894 1514">
     <span class='ocr_line' id='line_1_18' title="bbox 811 1492 894 1514; baseline 0 -1"><span class='ocrx_word' id='word_1_82' title='bbox 811 1492 894 1514; x_wconf 78' lang='lat' dir='ltr'>COTY.</span> 
     </span>
    </p>
   </div>
   <div class='ocr_carea' id='block_1_10' title="bbox 810 1559 894 1580">
    <p class='ocr_par' dir='ltr' id='par_1_13' title="bbox 810 1559 894 1580">
     <span class='ocr_line' id='line_1_19' title="bbox 810 1559 894 1580; baseline -0.012 0"><span class='ocrx_word' id='word_1_83' title='bbox 810 1559 894 1580; x_wconf 76' lang='lat' dir='ltr'>COYY.</span> 
     </span>
    </p>
   </div>
   <div class='ocr_carea' id='block_1_11' title="bbox 811 1626 894 1647">
    <p class='ocr_par' dir='ltr' id='par_1_14' title="bbox 811 1626 894 1647">
     <span class='ocr_line' id='line_1_20' title="bbox 811 1626 894 1647; baseline -0.012 0"><span class='ocrx_word' id='word_1_84' title='bbox 811 1626 894 1647; x_wconf 76' lang='lat' dir='ltr'>COTY.</span> 
     </span>
    </p>
   </div>
   <div class='ocr_carea' id='block_1_12' title="bbox 920 1215 1250 1247">
    <p class='ocr_par' dir='ltr' id='par_1_15' title="bbox 920 1215 1250 1247">
     <span class='ocr_line' id='line_1_21' title="bbox 920 1215 1250 1247; baseline -0.003 0"><span class='ocrx_word' id='word_1_85' title='bbox 920 1215 1136 1247; x_wconf 84' lang='lat' dir='ltr'>confixerunt</span> <span class='ocrx_word' id='word_1_86' title='bbox 1162 1216 1250 1246; x_wconf 88' lang='lat' dir='ltr'>VEJ</span> 
     </span>
    </p>
   </div>
   <div class='ocr_carea' id='block_1_13' title="bbox 917 1282 1548 1647">
    <p class='ocr_par' dir='ltr' id='par_1_16' title="bbox 917 1282 1548 1523">
     <span class='ocr_line' id='line_1_22' title="bbox 917 1282 1548 1315; baseline 0.003 -2"><span class='ocrx_word' id='word_1_87' title='bbox 917 1282 1195 1314; x_wconf 82' lang='lat' dir='ltr'>inmemorabiles</span> <span class='ocrx_word' id='word_1_88' title='bbox 1223 1284 1282 1314; x_wconf 86' lang='lat' dir='ltr'>VE</span> <span class='ocrx_word' id='word_1_89' title='bbox 1296 1293 1302 1313; x_wconf 90' lang='lat'>:</span> <span class='ocrx_word' id='word_1_90' title='bbox 1332 1282 1432 1314; x_wconf 89' lang='lat' dir='ltr'><strong>imm·</strong></span> <span class='ocrx_word' id='word_1_91' title='bbox 1455 1285 1548 1315; x_wconf 90' lang='lat' dir='ltr'>BDJ</span> 
     </span>
     <span class='ocr_line' id='line_1_23' title="bbox 921 1348 1452 1388; baseline 0 -8"><span class='ocrx_word' id='word_1_92' title='bbox 921 1349 1021 1381; x_wconf 83' lang='lat' dir='ltr'>Seras</span> <span class='ocrx_word' id='word_1_93' title='bbox 1045 1348 1104 1388; x_wconf 88' lang='lat' dir='ltr'>qui</span> <span class='ocrx_word' id='word_1_94' title='bbox 1132 1349 1190 1379; x_wconf 88' lang='lat' dir='ltr'>VE</span> <span class='ocrx_word' id='word_1_95' title='bbox 1215 1353 1292 1380; x_wconf 79' lang='lat' dir='ltr'>ante</span> <span class='ocrx_word' id='word_1_96' title='bbox 1317 1359 1398 1381; x_wconf 79' lang='lat' dir='ltr'>corr.</span> <span class='ocrx_word' id='word_1_97' title='bbox 1425 1350 1452 1380; x_wconf 87' lang='lat' dir='ltr'><em>J</em></span> 
     </span>
     <span class='ocr_line' id='line_1_24' title="bbox 920 1414 1493 1446; baseline -0.002 0"><span class='ocrx_word' id='word_1_98' title='bbox 920 1414 1136 1446; x_wconf 81' lang='lat' dir='ltr'>adulescente</span> <span class='ocrx_word' id='word_1_99' title='bbox 1159 1424 1200 1445; x_wconf 67' lang='grc' dir='ltr'>επ</span> <span class='ocrx_word' id='word_1_100' title='bbox 1224 1414 1438 1446; x_wconf 82' lang='lat' dir='ltr'>adolescente</span> <span class='ocrx_word' id='word_1_101' title='bbox 1460 1417 1493 1446; x_wconf 89' lang='lat' dir='ltr'><em>E</em></span> 
     </span>
     <span class='ocr_line' id='line_1_25' title="bbox 919 1483 1383 1523; baseline 0 -10"><span class='ocrx_word' id='word_1_102' title='bbox 919 1483 1072 1513; x_wconf 74' lang='lat' dir='ltr'><em>Parasiti</em></span> <span class='ocrx_word' id='word_1_103' title='bbox 1090 1493 1179 1523; x_wconf 77' lang='lat' dir='ltr'>pers.</span> <span class='ocrx_word' id='word_1_104' title='bbox 1205 1493 1265 1514; x_wconf 86' lang='lat' dir='ltr'>om.</span> <span class='ocrx_word' id='word_1_105' title='bbox 1295 1483 1383 1513; x_wconf 84' lang='lat' dir='ltr'>VEJ</span> 
     </span>
    </p>

    <p class='ocr_par' dir='ltr' id='par_1_17' title="bbox 920 1548 1084 1591">
     <span class='ocr_line' id='line_1_26' title="bbox 920 1548 1084 1591; baseline 0 -12"><span class='ocrx_word' id='word_1_106' title='bbox 920 1549 946 1579; x_wconf 86' lang='lat' dir='ltr'><em>J</em></span> <span class='ocrx_word' id='word_1_107' title='bbox 969 1548 1084 1591; x_wconf 56' lang='lat' dir='ltr'>(Low)</span> 
     </span>
    </p>

    <p class='ocr_par' dir='ltr' id='par_1_18' title="bbox 920 1615 1161 1647">
     <span class='ocr_line' id='line_1_27' title="bbox 920 1615 1161 1647; baseline 0 0"><span class='ocrx_word' id='word_1_108' title='bbox 920 1615 1045 1647; x_wconf 76' lang='lat' dir='ltr'>attinet</span> <span class='ocrx_word' id='word_1_109' title='bbox 1073 1616 1161 1647; x_wconf 86' lang='lat' dir='ltr'>VEJ</span> 
     </span>
    </p>
   </div>
   <div class='ocr_carea' id='block_1_14' title="bbox 807 1683 1647 1721">
    <p class='ocr_par' dir='ltr' id='par_1_19' title="bbox 807 1683 1647 1721">
     <span class='ocr_line' id='line_1_28' title="bbox 807 1683 1647 1721; baseline 0.001 -8"><span class='ocrx_word' id='word_1_110' title='bbox 807 1683 886 1714; x_wconf 84' lang='lat' dir='ltr'>add.</span> <span class='ocrx_word' id='word_1_111' title='bbox 923 1683 997 1713; x_wconf 79' lang='lat'>384.</span> <span class='ocrx_word' id='word_1_112' title='bbox 1044 1685 1084 1713; x_wconf 89' lang='lat' dir='ltr'>In</span> <span class='ocrx_word' id='word_1_113' title='bbox 1121 1684 1278 1720; x_wconf 86' lang='lat' dir='ltr'>patriam</span> <span class='ocrx_word' id='word_1_114' title='bbox 1315 1685 1361 1714; x_wconf 84' lang='lat' dir='ltr'>ad.</span> <span class='ocrx_word' id='word_1_115' title='bbox 1398 1685 1548 1721; x_wconf 78' lang='lat' dir='ltr'>patrem.</span> <span class='ocrx_word' id='word_1_116' title='bbox 1596 1683 1647 1714; x_wconf 86' lang='lat' dir='ltr'>Cf.</span> 
     </span>
    </p>
   </div>
   <div class='ocr_carea' id='block_1_15' title="bbox 857 1737 1648 1778">
    <p class='ocr_par' dir='ltr' id='par_1_20' title="bbox 857 1737 1648 1778">
     <span class='ocr_line' id='line_1_29' title="bbox 857 1737 1648 1778; baseline 0 -9"><span class='ocrx_word' id='word_1_117' title='bbox 857 1748 888 1769; x_wconf 87' lang='lat' dir='ltr'>v.</span> <span class='ocrx_word' id='word_1_118' title='bbox 908 1739 970 1770; x_wconf 87' lang='lat'>126</span> <span class='ocrx_word' id='word_1_119' title='bbox 988 1739 1032 1769; x_wconf 86' lang='lat' dir='ltr'>ad</span> <span class='ocrx_word' id='word_1_120' title='bbox 1046 1739 1192 1778; x_wconf 80' lang='lat' dir='ltr'>fratrem</span> <span class='ocrx_word' id='word_1_121' title='bbox 1211 1737 1256 1767; x_wconf 81' lang='lat' dir='ltr'>ad</span> <span class='ocrx_word' id='word_1_122' title='bbox 1272 1738 1357 1768; x_wconf 82' lang='lat' dir='ltr'>alios</span> <span class='ocrx_word' id='word_1_123' title='bbox 1374 1740 1534 1778; x_wconf 77' lang='lat' dir='ltr'>captivos.</span> <span class='ocrx_word' id='word_1_124' title='bbox 1581 1738 1648 1769; x_wconf 89' lang='lat' dir='ltr'>For</span> 
     </span>
    </p>
   </div>
   <div class='ocr_carea' id='block_1_16' title="bbox 859 1792 1648 1880">
    <p class='ocr_par' dir='ltr' id='par_1_21' title="bbox 859 1792 1648 1880">
     <span class='ocr_line' id='line_1_30' title="bbox 860 1792 1648 1833; baseline 0.001 -9"><span class='ocrx_word' id='word_1_125' title='bbox 860 1803 880 1824; x_wconf 83' lang='lat' dir='ltr'>a</span> <span class='ocrx_word' id='word_1_126' title='bbox 907 1794 966 1824; x_wconf 81' lang='lat' dir='ltr'>list</span> <span class='ocrx_word' id='word_1_127' title='bbox 995 1793 1032 1824; x_wconf 87' lang='lat' dir='ltr'>of</span> <span class='ocrx_word' id='word_1_128' title='bbox 1056 1793 1230 1833; x_wconf 79' lang='lat' dir='ltr'>examples</span> <span class='ocrx_word' id='word_1_129' title='bbox 1255 1792 1292 1823; x_wconf 88' lang='lat' dir='ltr'>of</span> <span class='ocrx_word' id='word_1_130' title='bbox 1315 1792 1386 1823; x_wconf 84' lang='lat' dir='ltr'>this</span> <span class='ocrx_word' id='word_1_131' title='bbox 1413 1794 1648 1825; x_wconf 78' lang='lat' dir='ltr'>construction</span> 
     </span>
     <span class='ocr_line' id='line_1_31' title="bbox 859 1847 1535 1880; baseline 0.001 -1"><span class='ocrx_word' id='word_1_132' title='bbox 859 1858 912 1879; x_wconf 84' lang='lat' dir='ltr'>see</span> <span class='ocrx_word' id='word_1_133' title='bbox 930 1848 1071 1879; x_wconf 87' lang='lat' dir='ltr'>Mueller</span> <span class='ocrx_word' id='word_1_134' title='bbox 1088 1847 1124 1878; x_wconf 84' lang='lat' dir='ltr'>in</span> <span class='ocrx_word' id='word_1_135' title='bbox 1141 1848 1262 1879; x_wconf 83' lang='lat' dir='ltr'>Rhein.</span> <span class='ocrx_word' id='word_1_136' title='bbox 1281 1849 1369 1878; x_wconf 75' lang='lat' dir='ltr'>Mus.</span> <span class='ocrx_word' id='word_1_137' title='bbox 1386 1857 1454 1879; x_wconf 77' lang='lat' dir='ltr'>mv.</span> <span class='ocrx_word' id='word_1_138' title='bbox 1473 1849 1535 1880; x_wconf 84' lang='lat'>385</span> 
     </span>
    </p>
   </div>
   <div class='ocr_carea' id='block_1_17' title="bbox 822 1916 1648 2015">
    <p class='ocr_par' dir='ltr' id='par_1_22' title="bbox 822 1916 1648 2015">
     <span class='ocr_line' id='line_1_32' title="bbox 822 1916 1648 1959; baseline 0.002 -11"><span class='ocrx_word' id='word_1_139' title='bbox 822 1918 900 1949; x_wconf 83' lang='lat' dir='ltr'>add.</span> <span class='ocrx_word' id='word_1_140' title='bbox 924 1917 1120 1948; x_wconf 84' lang='lat' dir='ltr'>Fleckeisen</span> <span class='ocrx_word' id='word_1_141' title='bbox 1145 1917 1271 1948; x_wconf 80' lang='lat' dir='ltr'>inserts</span> <span class='ocrx_word' id='word_1_142' title='bbox 1295 1918 1340 1947; x_wconf 84' lang='lat' dir='ltr'>ad</span> <span class='ocrx_word' id='word_1_143' title='bbox 1362 1916 1475 1948; x_wconf 79' lang='lat' dir='ltr'>before</span> <span class='ocrx_word' id='word_1_144' title='bbox 1499 1921 1648 1959; x_wconf 76' lang='lat' dir='ltr'>captivos</span> 
     </span>
     <span class='ocr_line' id='line_1_33' title="bbox 867 1973 1080 2015; baseline 0.005 -11"><span class='ocrx_word' id='word_1_145' title='bbox 867 1973 922 2015; x_wconf 77' lang='lat' dir='ltr'>(cf.</span> <span class='ocrx_word' id='word_1_146' title='bbox 946 1983 976 2005; x_wconf 87' lang='lat' dir='ltr'>v.</span> <span class='ocrx_word' id='word_1_147' title='bbox 1005 1973 1080 2015; x_wconf 82' lang='lat'>126)</span> 
     </span>
    </p>
   </div>
   <div class='ocr_carea' id='block_1_18' title="bbox 214 2039 1436 2082">
    <p class='ocr_par' dir='ltr' id='par_1_23' title="bbox 214 2039 1436 2082">
     <span class='ocr_line' id='line_1_34' title="bbox 214 2039 1436 2082; baseline 0.001 -12"><span class='ocrx_word' id='word_1_148' title='bbox 214 2062 222 2070; x_wconf 84' lang='lat'>.</span> <span class='ocrx_word' id='word_1_149' title='bbox 245 2039 308 2070; x_wconf 86' lang='lat'>288</span> <span class='ocrx_word' id='word_1_150' title='bbox 333 2039 432 2081; x_wconf 83' lang='lat' dir='ltr'>(App.</span> <span class='ocrx_word' id='word_1_151' title='bbox 458 2039 556 2082; x_wconf 83' lang='lat' dir='ltr'>Crit.)</span> <span class='ocrx_word' id='word_1_152' title='bbox 582 2041 624 2072; x_wconf 80' lang='lat' dir='ltr'>ad</span> <span class='ocrx_word' id='word_1_153' title='bbox 648 2051 679 2072; x_wconf 92' lang='lat' dir='ltr'>v.</span> <span class='ocrx_word' id='word_1_154' title='bbox 705 2041 767 2074; x_wconf 89' lang='lat'>751</span> <span class='ocrx_word' id='word_1_155' title='bbox 814 2051 897 2072; x_wconf 84' lang='lat' dir='ltr'>corr.</span> <span class='ocrx_word' id='word_1_156' title='bbox 923 2041 1014 2072; x_wconf 70' lang='lat' dir='ltr'>Hm.</span> <span class='ocrx_word' id='word_1_157' title='bbox 1038 2051 1099 2072; x_wconf 82' lang='lat' dir='ltr'>om.</span> <span class='ocrx_word' id='word_1_158' title='bbox 1129 2040 1174 2071; x_wconf 78' lang='lat' dir='ltr'>Vl</span> <span class='ocrx_word' id='word_1_159' title='bbox 1201 2041 1292 2080; x_wconf 83' lang='lat' dir='ltr'>(add.</span> <span class='ocrx_word' id='word_1_160' title='bbox 1322 2040 1379 2082; x_wconf 82' lang='lat' dir='ltr'>V2)</span> <span class='ocrx_word' id='word_1_161' title='bbox 1405 2042 1436 2071; x_wconf 88' lang='lat' dir='ltr'><strong><em>E</em></strong></span> 
     </span>
    </p>
   </div>
  </div>
 </body>
</html>
