1888 3169
223 141 307 180 204
802 150 965 180 PLAVTI
997 150 1191 181 CAPTIVI.
1581 141 1674 195 [330‚
1699 161 1758 191 331

221 253 376 302 Filius
413 273 550 302 meus
587 255 684 302 illic
720 255 853 319 apud
889 273 976 303 uos
1013 255 1168 303 seruit
1204 262 1380 320 captus
1418 255 1592 303 Alide:
1692 271 1761 303 330

221 333 349 380 Eum
375 334 416 381 si
441 334 605 382 reddis
630 334 765 391 mihi,
792 341 1048 399 praeterea
1072 353 1226 382 unum
1252 352 1507 382 nummum
1532 352 1594 382 ne
1619 335 1729 382 duis
1750 354 1759 391 ;

284 529 358 560 330.
400 533 476 569 post
493 528 599 560 seruit
616 529 634 559 5
653 530 732 565 litt„
751 528 839 560 alide
855 533 892 559 ut
908 530 989 565 vid„
1007 539 1050 560 er.
1071 529 1101 559 B
1120 528 1251 570 (eaptus
1267 528 1357 559 alide
1373 529 1452 559 add.
1469 527 1525 570 133)
1684 533 1760 568 post

219 583 342 621 captus
359 582 378 612 3
396 582 462 613 litt.
482 585 570 620 spat.
587 582 619 612 D
736 581 810 611 331.
856 584 1010 620 preterea
1027 582 1055 611 B
1145 580 1222 612 dius
1238 582 1322 612 DE:
1346 580 1424 611 duis
1441 590 1480 611 ex
1496 580 1573 611 dius
1589 585 1626 611 ut
1642 581 1712 611 vid.
1734 581 1763 611 V

310 772 438 807 Pseud.
476 775 542 807 143
581 773 691 807 Nunc
723 773 813 808 adeo
851 773 946 808 hane
980 773 1201 808 edictionem
1239 773 1310 807 nisi
1348 773 1516 808 animum
1554 774 1760 810 aduortetis

357 842 493 865 omnes.

311 889 421 936 Epid.
450 892 518 923 215
546 889 589 924 1d
614 889 704 924 adeo
731 890 794 934 qui
820 889 980 923 maxime
1004 890 1172 923 animum
1198 889 1433 924 adum-terim.

310 948 390 982 Ter.
412 947 553 982 Plzorm.
574 949 641 983 467
665 947 769 981 Alios
786 950 891 982 tuam
914 958 991 981 rem
1014 947 1201 982 credidisti
1225 948 1341 992 magis
1358 960 1470 992 quam
1493 951 1570 983 tete
1591 949 1759 984 animum

356 1005 585 1040 aduorsuros.

309 1064 424 1099 Andr.
447 1068 513 1100 156
539 1065 594 1098 Ea
618 1065 780 1109 primum
806 1064 854 1098 ab
878 1064 940 1098 illo
965 1064 1133 1098 animum
1157 1064 1387 1099 aduortenda
1412 1065 1591 1100 iniuriast.

309 1123 424 1157 Andr.
447 1124 512 1159 767
540 1123 570 1158 O
597 1124 739 1157 facinus
764 1124 931 1157 animum
957 1122 1238 1158 aduortendum.

309 1181 402 1216 Cato
419 1182 506 1229 ΑΨ.
529 1182 564 1217 0.
584 1182 605 1217 i.
627 1185 647 1216 2
673 1182 795 1216 Vicini
821 1193 894 1226 quo
918 1184 1027 1227 pacto
1052 1182 1207 1225 niteant,
1234 1181 1270 1216 id
1296 1183 1463 1216 animum
1488 1182 1685 1218 aduertite.

311 1241 407 1275 Orat.
428 1243 476 1287 (p.
496 1244 551 1285 36,
571 1245 590 1276 5
609 1241 631 1276 J
635 1241 726 1285 ord.)
754 1240 798 1275 Id
823 1252 889 1286 ego
914 1241 1034 1286 primo
1059 1241 1183 1275 minus
1207 1241 1375 1275 animum
1399 1240 1555 1276 aduorti.

214 1310 268 1345 Of.
299 1310 397 1345 Cure.
426 1313 493 1346 635
522 1311 631 1345 Hanc
657 1323 730 1345 rem
759 1311 855 1357 ayz'te
880 1317 987 1357 atque
1016 1311 1181 1345 animum
1207 1311 1397 1354 adum-tite,
1426 1310 1555 1345 Pseud.
1586 1314 1652 1346 153
1679 1311 1758 1347 Hoc

213 1369 318 1415 ayzffte,
338 1370 400 1404 hoc
422 1370 587 1404 animum
609 1370 798 1404 aduortz'te.
851 1370 896 1403 In
914 1370 978 1404 the
1000 1370 1174 1415 prologue
1191 1372 1230 1404 to
1252 1369 1317 1404 the
1333 1369 1552 1416 Amphitruo
1569 1381 1622 1404 we
1642 1370 1718 1405 find
1735 1383 1757 1405 a

213 1428 411 1474 departure
428 1429 524 1463 from
543 1428 619 1463 this
637 1440 748 1474 usage
765 1429 805 1463 of
819 1429 883 1463 the
899 1429 1000 1475 early
1017 1429 1160 1463 writers
1178 1430 1224 1473 (v.
1245 1429 1323 1472 38):

405 1498 515 1532 Nunc
540 1497 615 1532 iam
640 1497 712 1532 huc
737 1499 904 1532 animum
929 1510 1057 1532 omnes
1083 1509 1177 1542 quae
1202 1497 1331 1542 loquar
1355 1496 1550 1532 aduertite.

213 1567 288 1602 But
304 1567 369 1602 the
391 1568 464 1602 line
481 1569 513 1603 is
535 1568 763 1603 condemned
785 1580 825 1603 as
848 1568 1088 1603 un-Plautine
1110 1567 1159 1613 by
1176 1567 1332 1602 another
1353 1567 1585 1613 irregularity
1602 1570 1672 1611 too,
1692 1567 1756 1602 the

211 1628 421 1672 separation
446 1628 486 1662 of
507 1629 672 1662 animum
696 1627 790 1661 fron]
816 1627 987 1668 adum-tm
1014 1627 1070 1660 for
1095 1627 1259 1661 animzmz
1284 1626 1445 1667 aduorw,
1468 1626 1524 1660 for
1548 1626 1667 1660 which
1691 1626 1756 1661 the

211 1687 483 1732 frequentative
511 1687 606 1722 form
635 1687 799 1721 animum
826 1686 979 1720 aduorso
1008 1686 1039 1720 is
1069 1685 1182 1719 found
1212 1686 1249 1719 in
1275 1685 1370 1719 Rzad.
1399 1687 1476 1728 306,
1504 1685 1535 1719 is
1560 1685 1709 1731 already
1733 1697 1756 1720 a

211 1745 442 1790 word-group
475 1745 514 1779 in
549 1745 712 1787 Plautus,
747 1756 787 1778 as
820 1744 850 1778 it
881 1743 1032 1778 became
1064 1743 1158 1778 later
1185 1755 1207 1777 a
1233 1744 1348 1788 single
1378 1743 1475 1778 word
1508 1743 1755 1778 animadverto

212 1803 270 1848 (cf.
295 1815 516 1850 maynopere,
537 1803 595 1837 &c
620 1803 715 1837 from
738 1814 868 1848 mafflw
892 1813 1001 1848 opere,
1021 1801 1107 1845 δια).
1159 1802 1390 1847 Apparently
1407 1801 1471 1836 the
1493 1802 1646 1847 original
1671 1813 1754 1836 con—

211 1863 393 1897 struction
411 1862 451 1896 of
472 1862 536 1896 the
553 1862 686 1907 phrase
703 1861 811 1896 made
828 1861 993 1895 animum
1009 1861 1094 1895 Ace.
1114 1861 1154 1895 of
1176 1860 1328 1901 Metion,
1348 1872 1387 1895 so
1405 1860 1489 1895 that
1506 1860 1568 1895 Ιιοσ
1591 1861 1755 1895 animum

212 1920 364 1955 aduorto
388 1923 514 1954 meant
536 1920 705 1965 literally,
727 1920 764 1954 ‘I
783 1923 871 1954 turn
894 1919 970 1954 this
993 1920 1072 1954 into
1095 1931 1159 1965 my
1175 1919 1299 1953 mind.'
1350 1919 1432 1964 (See
1449 1922 1536 1953 note
1553 1931 1599 1953 on
1617 1919 1750 1954 istuc...

211 1979 376 2013 animum
401 1978 552 2013 induxis
576 1991 608 2013 v.
639 1978 732 2022 149.)
783 1977 935 2012 Instead
964 1978 1005 2011 of
1029 1977 1093 2011 the
1119 1977 1204 2011 Aee.
1235 1977 1340 2011 alone
1368 1989 1416 2011 an
1445 1977 1530 2011 Acc.
1561 1977 1651 2012 with
1682 1977 1751 2012 Inf.

211 2048 366 2083 appears
392 2037 430 2070 in
457 2037 536 2071 Ter.
564 2036 706 2071 Phorm.
735 2038 802 2070 909
821 2035 901 2070 &ez

424 2107 626 2152 Postquam
651 2106 688 2141 id
713 2108 819 2140 tanto
845 2116 952 2151 opere
977 2117 1043 2139 uos
1069 2105 1162 2139 uelle
1186 2104 1531 2139 animaduerteram.

212 2178 279 2212 We
304 2177 399 2211 have
424 2177 465 2211 of
493 2188 620 2211 course
647 2177 750 2221 quite
778 2188 801 2210 a
826 2175 997 2210 different
1024 2174 1157 2220 phrase
1186 2175 1223 2209 in
1253 2175 1331 2209 Mil.
1360 2177 1406 2210 39
1435 2175 1562 2210 Facete
1590 2175 1754 2211 aduertis

210 2236 376 2270 animum
394 2241 489 2270 tuom
506 2235 559 2269 ad
579 2235 743 2269 animum
761 2246 885 2268 meum.
1054 2234 1111 2270 Ut
1130 2244 1177 2270 ea
1194 2244 1297 2276 quae
1315 2233 1447 2270 sentio
1464 2233 1620 2277 pariter
1636 2233 1754 2278 scias,

209 2306 231 2328 a
255 2294 416 2328 familiar
440 2294 607 2336 formula,
635 2293 753 2327 which
778 2304 902 2327 recurs
926 2293 964 2326 in
990 2292 1136 2327 various
1161 2291 1302 2337 shapeS,
1329 2303 1392 2336 eg.
1420 2291 1521 2326 Asin.
1545 2294 1589 2326 28
1613 2298 1655 2326 ut
1678 2292 1753 2338 ipse

210 2352 311 2395 scibo,
332 2358 362 2386 te
379 2352 524 2398 faciam
546 2358 586 2386 ut
608 2353 708 2395 scias,
728 2355 795 2386 332
819 2358 859 2386 ut
881 2364 990 2398 aeque
1007 2364 1141 2386 mecum
1161 2351 1245 2385 llaec
1261 2351 1360 2393 scias,
1382 2350 1486 2395 Epid.
1510 2353 1578 2384 505
1596 2350 1639 2384 A.
1669 2350 1751 2385 Volo

210 2411 296 2444 scire
322 2411 354 2444 si
377 2411 450 2444 scis.
503 2410 542 2444 B.
574 2410 624 2445 Id
649 2410 746 2456 quod
770 2410 905 2444 audiui
930 2409 1065 2451 audies,
1098 2409 1206 2443 Mero.
1237 2411 1302 2442 152
1336 2408 1380 2442 Ut
1405 2420 1496 2454 quae
1520 2409 1643 2443 scirem
1666 2409 1752 2443 scire

210 2475 372 2503 actutum
390 2468 456 2503 tibi
478 2469 603 2512 liceret,
625 2469 700 2503 Mil.
725 2471 793 2504 233
816 2475 856 2503 ut
878 2469 969 2503 scias
994 2469 1104 2503 quta
1121 2479 1254 2502 mecum
1276 2479 1354 2501 mea
1376 2467 1536 2510 consilia,
1557 2466 1685 2502 Pseud.
1707 2468 1751 2502 72

211 2527 310 2562 Haec
327 2539 419 2573 quae
435 2539 496 2573 690
512 2528 604 2561 sciui
619 2534 660 2561 ut
676 2527 778 2561 scires
795 2527 925 2561 curaui
940 2527 1071 2560 omnia.

280 2587 357 2619 330.
408 2585 499 2622 Illic
528 2585 636 2629 apud
664 2595 747 2621 uos.
802 2584 955 2618 Plautus
984 2595 1069 2629 may
1095 2583 1189 2618 have
1219 2583 1364 2617 written
1396 2583 1454 2617 efflei
1482 2585 1556 2628 (see
1588 2586 1675 2618 note
1702 2595 1750 2618 on

210 2656 241 2678 v.
270 2644 362 2687 261).
507 2643 641 2681 Alide.
693 2643 760 2677 See
785 2646 871 2677 note
896 2654 943 2677 on
968 2654 999 2677 v.
1027 2644 1081 2677 94.

280 2704 357 2736 331.
410 2701 452 2738 Si
468 2701 617 2738 reddis.
668 2701 697 2735 F
699 2712 740 2735 01·
756 2701 820 2735 the
837 2703 940 2735 tense
957 2700 1016 2734 cf.:

303 2771 413 2818 Epe'd.
434 2773 502 2805 (505
528 2770 605 2815 Ego
630 2771 767 2804 relictis
792 2769 901 2804 rebus
927 2770 1121 2815 Epidicum
1147 2781 1295 2815 operam
1321 2769 1528 2814 quaerendo
1553 2769 1657 2803 dabo.

526 2828 564 2863 Si
590 2829 748 2872 inuenio,
774 2827 999 2862 exitiabilem
1029 2839 1094 2873 ego
1119 2827 1171 2862 illi
1197 2827 1329 2862 faciam
1359 2827 1457 2861 hunc
1482 2830 1525 2862 ut
1550 2828 1614 2862 fiat
1638 2827 1746 2863 diem.
