1888 3169
137 155 344 208 611—616]
694 166 790 197 ACT.
822 167 889 198 111.
950 167 1011 198 se.
1044 167 1104 197 IV.
1601 160 1684 201 263

139 267 272 327 Quid
308 268 375 315 mi
410 269 658 316 abnutas?
729 269 894 317 TYND.
938 270 1048 317 Tibi
1083 287 1173 335 ego
1209 270 1433 319 abnutOZ
1504 271 1678 320 ARIsT.

273 346 406 406 Quid
442 353 575 412 agat,
613 348 654 395 si
689 349 821 396 absis
856 349 1088 413 longius?
1505 366 1587 407 611,
1616 366 1682 398 612

139 424 270 473 ΗΕΘ.
312 425 444 485 Quid
469 426 576 473 ais?
612 426 733 490 quid
757 426 797 474 si
822 427 995 475 adeam
1023 427 1154 474 1111110
1178 426 1441 475 insanum?
1514 429 1677 476 TYND.

272 504 473 569 Nugas!
532 504 882 562 ludificabitur,

136 581 335 630 Garriet
354 583 469 647 quoi
489 601 646 648 neque
666 601 752 648 pes
772 601 1006 648 uinquam
1027 601 1185 648 neque
1210 593 1360 648 eaput
1384 594 1677 650 compareat.

136 660 444 729 Ornamenta
478 662 691 709 absunt:
740 661 957 719 Aiacem,
997 662 1128 709 1111110
1169 680 1281 710 oum
1326 663 1479 721 uides,
1519 664 1681 729 ipsum

269 739 420 787 uides.
1613 759 1680 791 615

135 817 268 865 ΗΕΘ.
323 818 482 865 Nihili
520 818 658 866 facio.
735 824 906 867 tamen
942 818 1100 867 adibo.
1187 820 1349 869 TYND.
1404 821 1552 870 Nunc
1590 841 1680 888 ego

268 897 464 945 omnino
500 897 668 954 occidi,

197 1026 272 1058 611.
318 1026 405 1057 mihi
424 1028 504 1057 libri
522 1026 642 1068 (michi
658 1025 698 1067 J)
789 1025 919 1056 abnuto
938 1025 969 1066 (o
986 1035 1026 1056 ex
1042 1026 1079 1065 u)
1095 1026 1125 1056 B
1214 1026 1332 1058 ARIST.
1351 1027 1564 1067 Les-simius:
1593 1029 1678 1069 Tyn-

132 1079 214 1110 daro
230 1081 430 1110 continuant
447 1080 528 1110 libri
587 1078 679 1110 absis
693 1088 732 1108 σω
745 1077 819 1108 abis
831 1079 860 1109 B
876 1077 972 1119 (corr.
986 1078 1031 1109 B3
1042 1083 1079 1108 ut
1092 1078 1179 1120 vid.)
1240 1079 1377 1118 longius
1391 1090 1450 1112 om.
1469 1081 1529 1110 VE
1543 1082 1583 1120 (J
1593 1091 1626 1111 n.
1641 1080 1678 1119 l.)

133 1134 189 1174 (ef.
210 1134 255 1164 ad
273 1143 304 1166 v.
325 1133 401 1174 610)
526 1133 601 1164 613.
647 1133 739 1164 ΗΕΘ.
759 1131 804 1163 Β3
823 1133 869 1174 (H
885 1134 923 1164 in
938 1132 1019 1174 νας.)
1041 1132 1132 1164 V‘2J:
1158 1134 1274 1164 Amsm.
1295 1133 1373 1165 VlE
1463 1135 1553 1174 quod
1569 1135 1597 1166 si
1618 1137 1678 1167 VE

131 1187 208 1219 614.
248 1187 380 1219 Carriet
394 1189 424 1219 V
502 1188 583 1228 quoi
599 1188 776 1219 Acidalius
792 1189 873 1218 Div.
887 1198 921 1228 p.
942 1189 1003 1219 88:
1029 1187 1119 1227 quod
1137 1189 1216 1219 libri
1284 1198 1439 1227 unquam
1457 1190 1486 1219 B
1575 1193 1678 1230 eaput

130 1253 170 1274 ex
186 1242 298 1283 capud
314 1244 346 1273 E
422 1242 496 1274 615.
544 1243 749 1274 Ortamenta
767 1243 848 1274 VE:
872 1242 1101 1273 Hortamenta
1117 1244 1143 1274 J
1220 1242 1332 1283 ipsam
1349 1244 1379 1274 B
1462 1244 1536 1276 616.
1583 1245 1673 1277 HEG.

129 1297 201 1329 B³J
210 1309 216 1328 :
256 1298 372 1330 ARIST.
407 1298 450 1329 Β1
481 1303 519 1329 ut
550 1299 617 1330 vid.
653 1299 712 1328 VE
817 1297 927 1328 Nihili
957 1299 1163 1329 Lambinus:
1201 1298 1298 1329 Nihil
1330 1301 1411 1330 libri
1444 1299 1573 1341 (Nichil
1599 1302 1675 1341 EJ)

129 1352 216 1384 satio
246 1354 305 1384 VE

198 1453 276 1486 611.
325 1451 526 1496 Abnutas,
544 1451 618 1485 like
634 1457 751 1494 nutat,
770 1463 813 1485 ‘ne
830 1450 960 1497 loquar
978 1450 1074 1484 Men.
1095 1452 1173 1485 612.
1293 1450 1384 1487 Tibi
1402 1461 1472 1494 ego
1490 1451 1643 1488 abnuto
1655 1452 1675 1488 ⁴?

129 1509 173 1543 In
201 1509 397 1554 indignant
423 1520 464 1543 or
492 1508 707 1543 astonished
734 1509 926 1554 questions
952 1509 992 1542 of
1020 1509 1097 1543 this
1125 1508 1216 1543 kind
1245 1509 1309 1543 the
1339 1509 1474 1543 Dative
1505 1509 1675 1544 Pronoun

126 1567 298 1614 precedes
320 1567 385 1602 the
409 1567 444 1601 N
447 1568 658 1611 ominative,
682 1579 746 1612 eg.
771 1567 868 1601 Tm'n.
895 1570 962 1601 515
991 1567 1074 1601 Tibi
1095 1579 1156 1613 390
1179 1567 1354 1602 rationem
1376 1567 1528 1602 reddam
1540 1567 1564 1609 ?‚
1588 1568 1672 1603 Aul.

127 1628 195 1661 759
212 1626 256 1660 A.
284 1626 370 1660 Nisi
385 1626 502 1672 refers.
553 1626 593 1660 B.
625 1626 723 1669 Quid
739 1626 807 1660 tibi
821 1638 882 1672 eqo
900 1626 1053 1672 referam
1066 1625 1091 1668 sl,
1112 1626 1207 1660 Men.
1228 1628 1297 1661 683
1315 1626 1410 1660 Mihi
1427 1632 1466 1660 tu
1479 1632 1519 1660 ut
1536 1626 1676 1661 dederis

121 1685 268 1731 pallam
286 1690 319 1719 et
334 1683 496 1731 spinter?
545 1685 758 1731 Numquam
766 1685 911 1731 factum
929 1685 1088 1731 reperies,
1108 1684 1179 1728 &c.,
1198 1684 1271 1719 and
1289 1684 1471 1730 normally
1487 1683 1594 1719 bears
1610 1685 1675 1719 the

125 1743 232 1778 ictus.

195 1803 273 1836 613.
324 1801 430 1846 Quid
455 1801 489 1838 Si
511 1800 624 1846 Subj.,
644 1813 707 1847 e.g.
729 1801 829 1836 Cure.
849 1804 915 1835 351
944 1801 1042 1845 Quid
1062 1801 1095 1835 si
1118 1802 1300 1845 adeamus,
1320 1801 1379 1836 &c.
1431 1801 1509 1835 The
1536 1801 1616 1836 Ind.
1642 1802 1674 1836 is

123 1860 200 1894 also
217 1859 343 1904 found,
362 1872 425 1905 eg.
446 1860 538 1894 Meri.
558 1863 627 1894 844
645 1860 736 1907 quid
750 1861 783 1895 si
804 1872 866 1906 eqo
887 1861 955 1895 lzuc
971 1873 1088 1895 seruos
1105 1861 1172 1895 cito
1185 1859 1211 1903 ,9,
1231 1860 1339 1894 Most.
1361 1862 1428 1894 :382
1450 1860 1547 1903 Quid
1567 1861 1600 1894 si
1617 1860 1674 1895 liic

123 1919 271 1954 manebo
291 1920 417 1966 pocius
434 1920 486 1954 ad
502 1919 715 1954 meridiem?
857 1920 996 1963 Nugas
1009 1920 1032 1963 !‚
1061 1922 1262 1953 ‘nonsense
1279 1919 1313 1962 !,’
1331 1919 1432 1953 Most.
1455 1921 1556 1961 1088,
1576 1919 1670 1954 Pers.

124 1980 201 2013 718.
253 1978 291 2012 Is
316 1978 347 2013 it
372 1978 468 2012 from
494 1978 571 2012 this
597 1977 868 2023 interjectional
898 1990 962 2012 use
987 1979 1072 2013 that
1097 1978 1162 2013 the
1187 1978 1320 2023 phrase
1344 1989 1463 2023 uuyas
1488 1990 1563 2020 esse,
1585 1978 1674 2023 fieri

122 2036 190 2070 has
218 2037 349 2079 arisen,
376 2049 439 2082 eg.
468 2036 541 2072 Cic.
571 2036 673 2071 Fam.
701 2047 785 2071 VIII.
813 2049 869 2071 xv.
903 2040 917 2070 1
951 2037 1016 2083 qui
1042 2043 1116 2071 tam
1141 2048 1259 2081 uuqus
1285 2042 1368 2070 esset
1395 2037 1537 2081 (παρειαί)
1560 2036 1670 2081 edd),

123 2094 240 2128 Varro
266 2094 357 2129 Men.
384 2097 452 2129 513
475 2107 544 2129 nou
571 2107 686 2141 nuyas
709 2097 891 2141 (nuga-sset
915 2094 1037 2139 MSS.)
1061 2094 1294 2129 saltatoribus
1318 2095 1358 2128 in
1384 2094 1520 2128 tlieatro
1536 2095 1672 2140 fieret?

122 2152 173 2187 Or
205 2153 337 2188 should
366 2165 418 2188 we
452 2154 539 2188 seek
568 2154 633 2188 the
662 2154 779 2199 origin
805 2154 843 2187 in
871 2165 892 2187 a
918 2153 1052 2198 phrase
1081 2153 1154 2187 like
1187 2164 1306 2198 nugas
1330 2153 1454 2197 facere
1481 2153 1670 2199 aliquem?

121 2211 422 2257 Ludificabitur,
442 2211 633 2255 Absolute,
652 2224 693 2246 as
711 2211 798 2246 ludo
817 2211 893 2245 Mil.
916 2213 1006 2245 1066
1028 2211 1125 2254 Quid
1141 2210 1216 2245 est?
1242 2217 1282 2245 ut
1299 2210 1386 2245 ludo
1399 2210 1423 2253 ,9,
1443 2222 1484 2245 or
1501 2223 1547 2245 sc.
1569 2217 1609 2254 te,
1628 2222 1670 2245 as

121 2270 189 2304 579
213 2275 244 2304 te
265 2270 369 2304 lmios
383 2271 490 2316 facit.
544 2272 773 2316 “Deponent
795 2271 894 2312 hero,
914 2269 983 2304 but
1007 2270 1218 2315 frequently
1235 2270 1391 2314 passive,
1410 2281 1451 2303 as
1474 2270 1512 2303 in
1531 2281 1562 2303 v.
1587 2271 1666 2305 487.

121 2327 275 2362 Plautus
291 2329 368 2363 also
386 2341 470 2363 uses
487 2329 551 2364 the
568 2329 688 2363 active
705 2329 810 2370 form,
830 2340 893 2372 eg.
915 2328 951 2361 in
972 2327 1101 2374 Amph.
1120 2330 1221 2371 1041,
1239 2327 1321 2362 Cist.
1338 2327 1438 2361 215.’'
1494 2327 1666 2363 Hallidie.

189 2387 267 2420 614.
317 2387 456 2430 Neque
474 2397 721 2430 pes...neque
739 2388 872 2430 caput,
892 2386 955 2420 the
974 2386 1117 2419 Roman
1135 2385 1347 2430 equivalent
1365 2386 1405 2419 of
1419 2397 1485 2419 our
1504 2386 1669 2420 ‘neither

119 2443 212 2478 head
245 2456 312 2479 nor
344 2445 431 2480 tail)
490 2446 544 2481 Of.
576 2446 677 2480 Asin.
708 2447 776 2481 729
807 2457 866 2479 nec
895 2451 1006 2491 caput
1032 2457 1093 2479 uec
1115 2457 1181 2490 pes
1212 2445 1367 2479 sermoni
1393 2450 1559 2490 apparet,
1591 2444 1665 2479 Cio.

119 2502 224 2537 Fam.
245 2513 311 2537 VII.
331 2505 425 2539 xxxi.
446 2507 466 2538 2
488 2511 638 2551 propter
655 2510 737 2538 tuas
758 2516 812 2537 res
835 2504 888 2538 ita
911 2509 1119 2547 contractas,
1139 2509 1188 2547 ut,
1210 2503 1510 2550 quemadmodum
1533 2502 1666 2547 scribis,

120 2572 182 2595 nec
198 2568 309 2607 caput
326 2574 386 2597 uec
398 2563 515 2609 pedes.

189 2621 267 2654 615·
319 2620 576 2666 ornamenta,
591 2622 655 2656 the
673 2624 775 2666 stage
793 2621 913 2664 attire,
929 2633 970 2655 as
987 2621 1025 2654 in
1044 2621 1137 2655 Pers.
1155 2623 1221 2655 160
1234 2620 1277 2655 A.
1299 2621 1414 2655 Πόθεν
1429 2621 1666 2655 ornamenta?

119 2677 158 2711 B.
179 2677 252 2712 Abs
268 2678 420 2724 chorago
437 2681 576 2723 sumito,
594 2680 694 2714 Trin.
714 2683 782 2713 858
801 2680 881 2725 Ipse
899 2685 1110 2713 ornamenta
1127 2691 1150 2713 α
1168 2679 1317 2725 cliorayo
1335 2679 1420 2713 liaeo
1436 2680 1587 2725 sumpsit
1603 2692 1666 2714 suo

112 2736 284 2782 periculo,
319 2736 377 2771 &c.
430 2738 502 2773 For
539 2739 604 2773 the
643 2739 864 2783 miswriting
897 2738 1151 2782 (monumenta
1188 2738 1231 2773 cf.
1268 2738 1331 2772 the
1366 2738 1470 2772 MSS.
1506 2738 1546 2772 of
1582 2738 1662 2773 Ter.

118 2794 232 2829 Haut.
261 2796 339 2830 837.

187 2854 265 2887 616.
315 2853 446 2890 Nihili
472 2854 587 2898 facio,
618 2855 655 2889 ‘I
683 2855 787 2890 don't
811 2855 914 2898 care,'
939 2866 962 2889 a
987 2865 1156 2888 common
1187 2855 1329 2900 phrase,
1360 2867 1424 2899 eg.
1452 2855 1555 2890 Mero.
1584 2857 1661 2890 440.
