1888 3169
63 171 266 224 141—148]
655 181 751 211 ACT.
784 181 810 212 1.
872 181 934 212 so.
966 182 1014 212 11.
1524 170 1605 212 157

61 287 174 334 Meo
209 293 262 335 te
298 305 403 335 esse
439 287 663 344 amioum,
702 292 754 334 et
790 285 929 333 illum
965 286 1191 334 intellexi
1226 287 1333 334 tibi.

59 365 186 413 ERG.
238 366 364 413 Tum
393 365 605 430 denique
636 365 858 412 homines
889 371 1060 412 nostra
1093 365 1430 430 intellegimus
1462 365 1604 423 bona,

59 443 190 502 Qum
225 462 350 508 quae
386 444 437 491 in
472 450 726 508 potestate
762 443 1038 501 habuimus,
1079 462 1134 492 ea
1171 444 1437 492 amisimus.

58 521 179 587 Ego,
218 528 481 588 postquam
516 528 701 587 gnatus
737 528 857 570 tuus
893 523 1112 587 potitust
1148 522 1382 580 hostium,

58 601 312 666 Expertus
348 602 525 666 quanti
560 601 710 649 fuerit
746 620 877 649 nuno
912 602 1148 650 desidero.
1539 617 1605 649 145

59 680 192 729 ΗΕΘ.
244 681 452 729 Alienus
481 699 591 729 eum
621 681 726 730 eius
755 680 1117 729 incommodum
1147 687 1249 729 tam
1283 699 1429 746 aegre
1462 681 1602 740 feras,

58 759 193 819 Quid
228 778 306 807 me
342 766 536 825 patrem
572 778 660 825 par
694 760 917 817 faoerest,
959 761 1037 808 oui
1073 760 1155 808 ille
1193 767 1267 808 est
1304 761 1513 808 unicus?

57 839 182 887 ERG.
234 839 478 887 Alienus?
525 857 615 904 ego
651 839 841 887 alienus
876 839 983 888 illi?
1031 840 1140 896 aha,
1181 839 1359 905 Hegio,

124 1023 198 1054 141.
244 1023 343 1054 illum
362 1022 399 1064 (11
416 1034 455 1054 ex
472 1023 508 1065 n)
526 1025 558 1054 D
650 1024 722 1055 142.
768 1024 925 1054 Parasiti
939 1034 1112 1064 personam
1128 1033 1226 1063 quam
1241 1033 1270 1055 v.
1294 1023 1356 1054 144
1373 1024 1493 1056 habent
1510 1025 1600 1064 libri,

58 1075 135 1105 huic
152 1076 262 1105 versui
274 1077 496 1115 praescripsit
512 1076 659 1116 Pylades
748 1075 974 1115 intelligimus
995 1077 1042 1107 V:
1066 1075 1258 1106 intellimus
1275 1085 1315 1107 ex
1330 1075 1527 1106 intellemus
1543 1077 1602 1108 E¹:

55 1127 280 1166 intelligimus
297 1126 343 1158 Ε2
505 1128 578 1158 143.
626 1128 782 1168 Qumque
797 1129 883 1159 DE:
909 1128 1062 1168 Cumque
1081 1128 1192 1170 (quae
1208 1127 1264 1169 133)
1282 1129 1312 1158 B
1327 1142 1334 1161 x
1360 1128 1518 1168 Quinque
1539 1128 1601 1161 Vl:

57 1179 144 1210 Cum
161 1189 247 1219 quae
272 1179 334 1210 V‘2:
360 1180 385 1210 J
400 1191 431 1211 η.
451 1181 473 1210 l.
609 1180 680 1211 144.
730 1181 782 1220 Cf.
800 1181 844 1210 ad
859 1190 890 1210 v.
910 1180 972 1210 142
1075 1179 1205 1219 potitus
1221 1182 1272 1210 est
1291 1181 1370 1210 libri
1474 1179 1602 1210 ostium

56 1231 121 1262 BD
141 1231 192 1272 (ex
208 1231 373 1272 hostium)
469 1232 542 1262 145.
590 1232 691 1262 fuerit
709 1242 748 1263 ea:
765 1231 850 1262 -rint
867 1233 896 1262 B
985 1237 1062 1262 aule
1079 1241 1171 1262 nuuc
1188 1232 1206 1261 2
1225 1233 1245 1262 l.
1263 1242 1312 1271 sp.
1335 1232 1364 1262 V
1449 1231 1602 1263 desidero

54 1293 94 1313 ετ
112 1282 176 1313 -rio
192 1284 223 1313 E
314 1284 384 1314 146.
430 1293 506 1322 egre
524 1284 604 1314 libri
623 1286 712 1323 (aeg-
728 1284 768 1325 J)
862 1284 934 1316 147.
985 1283 1129 1314 faeerest
1145 1283 1261 1314 Dl'lE
1275 1293 1281 1313 :
1308 1284 1414 1314 faeere
1431 1286 1482 1314 est
1498 1283 1605 1315 BV²J

55 1334 111 1365 cui
129 1334 160 1376 (c
176 1346 215 1366 esc
232 1335 332 1377 corr.)
355 1336 384 1366 V
473 1336 531 1366 ille
551 1336 587 1377 (ll
603 1347 642 1367 ex
659 1346 682 1367 n
698 1342 736 1368 ut
751 1336 834 1377 vid.)
858 1337 885 1366 D
1024 1336 1097 1366 148.
1144 1336 1224 1366 Pin.
1244 1337 1280 1367 ιίι
1294 1346 1325 1366 v.
1338 1337 1511 1376 principio
1527 1346 1600 1373 om„

55 1392 133 1418 arete
157 1389 415 1427 interjectionem
438 1389 517 1418 add.
539 1388 674 1427 DVEJ,
693 1389 751 1419 ubi
773 1388 858 1419 4—5
883 1389 948 1418 litt.
972 1393 1057 1428 spat.
1082 1388 1179 1419 habet
1195 1389 1224 1418 B
1357 1387 1500 1418 Alienus
1517 1391 1601 1428 ego?

55 1440 154 1478 vulyo
171 1440 248 1472 dist.
356 1439 412 1470 ille
445 1441 523 1470 libri
540 1452 546 1471 :
571 1450 654 1472 corr.
674 1440 818 1471 Bothius
924 1439 995 1470 hah
1014 1439 1087 1479 egio
1104 1439 1233 1471 B1VE:
1258 1439 1304 1470 ha
1320 1439 1418 1479 hegio
1436 1440 1532 1471 [33D2
1558 1440 1601 1471 ah

55 1489 129 1530 egio
145 1492 188 1522 J:
213 1501 296 1522 corr.
310 1491 488 1522 Richterus
504 1493 541 1522 in
559 1492 779 1523 Studemundi
797 1492 929 1522 Studiis
945 1493 1098 1532 ‘inpri-w.
1116 1493 1231 1531 script.
1250 1492 1310 1522 lat.
1328 1495 1351 1522 t.
1369 1501 1381 1521 1
1394 1502 1428 1532 p.
1448 1492 1510 1524 395

128 1670 321 1703 142—143.
377 1668 482 1715 Tray.
511 1669 598 1714 frag.
626 1669 694 1703 ino.
720 1668 787 1702 civ.
809 1669 850 1702 R.
881 1668 997 1712 Quam
1023 1681 1109 1702 cara
1134 1668 1205 1702 sint
1231 1680 1321 1714 quae
1340 1675 1422 1714 post
1448 1668 1600 1702 carendo

54 1727 274 1773 intelleyunt.
326 1728 393 1761 We
418 1727 512 1762 have
534 1740 556 1762 a
578 1728 687 1762 fuller
711 1728 921 1774 expression
947 1728 987 1761 of
1008 1727 1072 1762 the
1097 1739 1198 1764 same
1221 1727 1302 1761 idea
1328 1726 1365 1760 in
1389 1726 1496 1761 Muclz
1518 1727 1600 1761 Ado

55 1785 163 1820 about
180 1785 342 1832 Nothing)
360 1796 409 1820 IV.
431 1786 451 1820 i.
466 1798 472 1820 ε

854 1833 926 1867 For
950 1833 981 1867 it
1006 1844 1046 1867 so
1071 1832 1154 1866 falls
1178 1835 1254 1876 out,

337 1891 436 1925 That
461 1891 562 1926 what
587 1903 639 1926 we
664 1891 758 1926 have
784 1903 836 1925 we
860 1891 959 1936 prize
984 1894 1050 1925 not
1075 1894 1114 1924 to
1139 1891 1203 1925 the
1228 1890 1357 1934 worth,

336 1949 478 1984 Whiles
502 1961 555 1984 we
579 1949 688 1995 enjoy
713 1950 762 1993 it,
796 1948 866 1983 but
892 1948 999 1994 being
1023 1949 1141 1983 laok'd
1166 1949 1237 1983 and
1264 1949 1346 1991 lost,

335 2007 443 2054 Why,
469 2008 561 2043 then
586 2020 638 2042 we
663 2008 751 2042 rack
776 2008 840 2042 the
866 2009 991 2050 value3
1026 2008 1115 2042 then
1142 2020 1193 2042 we
1220 2008 1295 2042 find

335 2067 414 2101 The
439 2067 570 2111 virtue,
598 2067 682 2102 that
707 2068 913 2113 possession
939 2067 1058 2101 would
1084 2070 1150 2101 not
1174 2067 1274 2101 show
1300 2079 1344 2101 us

335 2125 475 2160 Whiles
500 2126 531 2160 it
555 2138 629 2160 was
653 2137 748 2160 ours.

126 2197 201 2229 143.
253 2195 364 2240 Qum,
414 2195 493 2229 The
515 2195 670 2241 spelling
693 2207 786 2242 qum,
809 2195 969 2241 peqzmia
989 2195 1048 2229 &o
1074 2195 1104 2228 is
1122 2195 1222 2229 often
1240 2194 1355 2229 found
1377 2206 1423 2229 on
1445 2194 1597 2240 inserip-

53 2252 161 2296 tions,
180 2253 374 2298 especially
392 2253 432 2287 of
450 2253 514 2288 the
532 2253 623 2287 time
640 2253 680 2287 of
702 2253 766 2288 the
784 2253 949 2287 Gracchi.
1003 2253 1079 2287 Oui‘
1099 2254 1201 2288 MSS.
1222 2254 1261 2287 of
1285 2253 1440 2287 Plautus
1456 2252 1598 2287 exhibit

53 2310 117 2345 the
134 2311 239 2345 three
256 2311 430 2356 spellings
448 2324 533 2358 qum
552 2312 669 2356 (often
686 2312 882 2357 corrupted
902 2315 939 2345 to
958 2312 1057 2357 (lexin,
1071 2323 1134 2356 eg.
1153 2324 1183 2346 v.
1204 2313 1274 2354 78),
1294 2324 1398 2358 quom
1416 2311 1490 2346 and
1507 2324 1594 2346 cum.

126 2372 202 2404 144.
254 2369 308 2404 Cf.
329 2373 415 2404 note
431 2382 478 2405 on
497 2381 530 2405 v.
547 2373 591 2405 92
610 2371 709 2405 Nam
722 2377 911 2417 postquam
932 2382 1026 2404 meus
1044 2382 1106 2403 rex·
1123 2376 1170 2404 cst
1182 2371 1321 2416 potitus
1338 2370 1499 2404 hostium.

126 2431 201 2463 146.
253 2428 519 2465 Cum...feras.
568 2428 638 2463 For
655 2429 719 2463 the
737 2428 979 2473 Suhjunctive
997 2428 1086 2462 with
1104 2428 1237 2462 Oausal
1255 2428 1499 2462 Adversative
1517 2440 1595 2462 cum

52 2485 95 2520 cf.
116 2486 241 2520 Bacch.
261 2489 328 2522 907
348 2493 388 2521 ut
405 2499 484 2521 eum
501 2486 607 2521 dictis
624 2486 798 2533 plurimis
818 2487 1004 2531 Castzyam,
1023 2498 1128 2532 quom
1145 2486 1228 2520 liaeo
1245 2487 1294 2520 sie
1309 2487 1417 2533 facta
1435 2487 1487 2520 ad
1502 2487 1596 2521 hunc

45 2544 169 2590 saciat
186 2544 340 2588 modum,
362 2545 437 2579 Mil.
461 2547 549 2579 1342
574 2557 704 2591 nequeo
728 2545 819 2591 quin
834 2545 958 2588 fleam,
982 2546 1091 2588 Quom
1115 2544 1177 2579 abs
1200 2551 1230 2579 te
1253 2544 1387 2589 abeam,
1407 2545 1506 2579 Trin.
1528 2547 1592 2580 731

53 2614 159 2648 quom
176 2603 250 2637 eius
268 2615 339 2637 rem
351 2615 460 2650 penes
477 2614 531 2636 me
547 2603 697 2637 habeam
714 2603 814 2637 domi
824 2617 831 2645 ;
858 2603 901 2637 ef.
922 2603 1014 2637 Men,
1035 2605 1100 2637 361
1117 2616 1122 2637 :

286 2671 462 2705 Animule
487 2671 548 2713 mi,
576 2671 667 2705 mihi
693 2671 787 2705 mira
813 2671 987 2705 uidentur

288 2729 339 2763 Te
364 2729 424 2763 hic
448 2731 546 2763 stare
572 2729 669 2772 foris,
696 2729 792 2763 fores
817 2729 903 2773 quoi
928 2732 1091 2774 pateant,

289 2786 407 2832 Magis
431 2797 544 2831 quani
570 2786 702 2820 domus
727 2789 792 2821 tua
817 2786 950 2821 doinus
975 2799 1086 2832 quoni
1113 2787 1201 2821 haec
1228 2791 1292 2821 tua
1317 2788 1375 2822 sit.

126 2858 201 2890 148.
252 2856 423 2893 Alienus
436 2858 455 2894 ‘I
480 2867 551 2900 ego
568 2856 725 2893 alienus
742 2857 805 2894 illi
818 2858 836 2894 ἃ)
885 2857 1057 2892 Schoelrs
1080 2858 1325 2902 punctuation
1343 2869 1462 2892 seems
1478 2861 1517 2893 to
1535 2869 1593 2892 me
