1888 3169
230 145 312 184 194
807 156 971 187 PLAVTI
1003 156 1198 187 CAPTIVI.
1569 149 1770 202 [284—‘287

229 269 394 316 TYND.
449 269 599 317 Salua
634 288 710 317 res
747 277 852 318 est:
891 271 1266 336 philosophatur
1301 290 1494 337 quoque
1527 272 1638 330 iam,
1673 291 1771 321 non

362 348 575 396 mendax
612 349 756 397 modo
792 356 882 397 est.

229 426 361 474 HEG.
403 427 536 486 Quid
560 433 667 475 erat
693 427 737 475 ei
762 429 974 476 nomen?
1040 428 1192 475 PHIL.
1233 428 1769 495 Thensaurochrysoni-

362 506 685 569 cochrysides.
1703 524 1770 556 285

229 583 360 631 HEG.
424 584 672 632 Videlicet
719 591 920 649 propter
968 585 1171 633 diuitias
1220 585 1436 634 inditum
1486 586 1537 634 id
1592 605 1769 635 nomen

360 662 500 727 quasi
536 668 624 710 est.

227 741 379 788 PHIL.
432 741 589 788 Immo
637 740 810 805 edepol
857 747 1059 805 propter
1105 742 1368 790 auaritiam
1416 743 1570 808 ipsius
1617 750 1770 808 atque

361 819 704 867 audaciam.—

290 975 364 1006 284.
415 974 525 1006 TYND.
544 974 608 1007 B3:
631 974 721 1007 Hm.
743 979 816 1006 cett.
919 974 1021 1006 modo
1038 977 1089 1005 est
1106 985 1146 1006 ex
1158 976 1208 1006 est
1220 974 1322 1006 modo
1337 976 1368 1006 Ε
1484 976 1559 1007 285.
1598 975 1688 1009 Hm.
1706 976 1769 1009 B3:

224 1037 285 1058 om.
304 1032 378 1058 cett.
485 1026 581 1065 Quod
600 1028 699 1058 libri:
723 1037 804 1058 corr.
822 1027 962 1058 Briaeius
1062 1037 1188 1058 nomen
1205 1038 1244 1058 em
1261 1037 1401 1058 nomem
1417 1029 1446 1058 B
1569 1028 1769 1060 thensauro-

224 1078 520 1119 chrysonicochris
539 1081 592 1118 (ecc
613 1078 723 1120 chrid)
747 1078 820 1109 ides
836 1080 885 1109 B:
911 1079 1463 1111 thensauroehrisonicochrisides
1485 1081 1537 1111 D:
1563 1080 1767 1112 thensauro-

224 1131 427 1172 ehrysonico
454 1130 519 1170 chy
546 1130 642 1172 (chry
671 1130 726 1171 V2)
753 1131 842 1161 sides
874 1132 922 1163 V:
956 1132 1465 1164 tensaurochrusonioocrisides
1496 1134 1549 1164 E:
1581 1133 1770 1165 thensauro

226 1182 276 1223 (ex
301 1182 406 1223 thes-)
432 1183 609 1222 orysonico
638 1183 689 1223 (ex
714 1183 798 1213 -ieco
821 1187 858 1213 ut
880 1184 967 1222 vid.)
991 1182 1131 1214 crisides
1154 1184 1182 1216 J
1267 1184 1341 1214 286.
1378 1184 1470 1214 HEG.
1495 1184 1557 1216 B3:
1582 1195 1643 1216 om.
1668 1186 1769 1215 ceteri

224 1244 363 1266 nomem
377 1236 426 1266 B:
453 1234 620 1277 (nome)m
637 1236 829 1266 'incohatum
849 1236 878 1265 V
971 1236 1045 1267 287.
1091 1235 1192 1266 PHIL.
1211 1234 1274 1268 B3:
1299 1246 1358 1268 om.
1379 1238 1481 1267 ceteri
1578 1236 1768 1268 auariciam

222 1288 316 1318 BDJ
418 1289 522 1326 atque
538 1297 598 1319 om.
619 1288 645 1318 J
748 1286 927 1318 audatiam
944 1288 1039 1318 BVE'

222 1425 298 1459 also
315 1424 422 1459 takes
438 1424 524 1459 Ace.
543 1424 616 1459 and
636 1424 718 1468 Ins„
736 1436 777 1459 as
794 1425 826 1459 if
839 1425 925 1459 scire
942 1425 1022 1459 licet
1039 1425 1096 1470 (cf.
1117 1427 1222 1460 notes
1239 1437 1286 1460 on
1304 1438 1361 1460 vv.
1375 1428 1429 1470 90,
1445 1427 1539 1470 286),
1558 1438 1621 1472 eg.
1636 1427 1765 1462 Pseud.

224 1485 315 1519 1179
332 1483 475 1518 Scilicet
491 1484 635 1518 solitum
652 1496 727 1518 esse.

293 1544 371 1576 284.
422 1542 550 1577 Pseud.
587 1545 656 1578 974
689 1542 820 1577 saluos
851 1554 950 1577 sum:
992 1543 1069 1577 iam
1101 1543 1391 1590 philosophatur,
1426 1543 1490 1578 the
1527 1543 1646 1578 words
1677 1544 1719 1578 of
1746 1556 1769 1578 a

222 1601 453 1636 confederate
478 1602 517 1635 in
542 1613 563 1635 a
588 1601 676 1646 plot,
703 1613 744 1636 as
768 1601 862 1636 here.

293 1663 371 1694 285.
423 1660 537 1704 Quid.
588 1659 666 1693 The
691 1659 909 1694 distinction
934 1659 1098 1695 between
1123 1661 1189 1707 qui
1211 1660 1284 1695 and
1310 1661 1389 1707 quis
1413 1661 1445 1695 is
1467 1664 1533 1695 not
1555 1672 1595 1695 so
1618 1660 1768 1706 sharply

222 1719 347 1753 drawn
374 1719 413 1752 in
444 1718 598 1752 Plautus
624 1730 665 1752 as
694 1719 733 1752 in
759 1718 923 1752 classic-al
952 1719 1071 1754 Latin.
1133 1720 1220 1764 (For
1249 1720 1430 1754 statistics
1456 1731 1515 1754 see
1545 1719 1702 1765 Seyffert
1728 1720 1767 1753 in

222 1777 387 1811 Berliner
411 1776 590 1823 Plzz'loloy.
622 1776 899 1824 11⁷00lzensc¹⁷z2r2ft‚
925 1780 1023 1821 1893,
1051 1790 1084 1824 p.
1105 1779 1200 1823 277.)
1251 1779 1335 1813 Still
1360 1778 1424 1813 the
1449 1778 1581 1824 phrase
1606 1778 1697 1824 quid
1719 1784 1768 1812 esc

222 1836 328 1881 (erat)
348 1835 414 1870 cibi
432 1835 492 1879 (ed)
512 1835 664 1869 nomen?
681 1847 798 1870 seems
816 1836 924 1882 fairly
941 1837 1021 1871 well
1044 1837 1267 1871 established
1290 1838 1346 1871 for
1370 1837 1532 1880 Plautus,
1551 1848 1591 1870 so
1613 1836 1697 1871 that
1714 1847 1766 1871 we

222 1906 307 1939 may
322 1896 476 1927 venture
492 1896 531 1927 to
548 1893 642 1927 alter
658 1894 755 1940 quod
770 1894 810 1928 of
823 1894 887 1928 the
905 1894 1009 1929 MSS.
1026 1896 1100 1939 (see
1116 1898 1203 1929 note
1221 1907 1267 1929 on
1281 1907 1312 1929 v,
1327 1895 1420 1938 983).
1518 1894 1766 1931 Thensauro—

222 1951 677 1995 chrysonicochrysides.
731 1951 809 1986 The
832 1952 940 1986 Nom.
960 1964 1000 1986 as
1017 1953 1097 1987 well
1119 1964 1160 1987 as
1177 1953 1241 1987 the
1259 1953 1343 1987 Dat.
1364 1953 1394 1986 is
1417 1952 1531 1987 found
1549 1953 1587 1986 in
1607 1963 1766 1987 answers

221 2012 260 2043 to
286 2009 350 2043 the
375 2009 546 2054 question
575 2009 672 2052 Quid
695 2015 744 2043 est
768 2022 893 2044 nomen
920 2010 1013 2045 tibi?
1031 2010 1101 2054 &c.,
1121 2022 1183 2056 eg.
1205 2011 1331 2045 Pseud.
1352 2013 1420 2045 653
1440 2011 1484 2044 A.
1513 2010 1586 2045 Sed
1606 2010 1698 2056 quid
1717 2017 1766 2045 est

222 2067 290 2102 tibi
310 2068 464 2102 nomen?
513 2067 553 2101 B.
582 2068 751 2114 Harpax,
771 2068 860 2103 Cist.
883 2071 949 2104 772
967 2069 1010 2103 A.
1039 2070 1112 2104 Sed
1133 2070 1224 2116 quid
1244 2076 1293 2104 est
1315 2081 1440 2103 nomen
1458 2076 1541 2104 tuae
1563 2069 1765 2104 Dominae?

222 2126 262 2160 B.
290 2116 472 2169 Melaenis,
500 2126 596 2160 Men.
624 2129 711 2160 1131
735 2127 778 2161 A.
809 2127 907 2170 Quid
929 2135 1006 2163 emt
1030 2141 1157 2163 nomen
1179 2135 1319 2163 nostrae
1341 2129 1480 2163 matri?
1529 2128 1568 2162 B.
1601 2127 1763 2161 Tezcoeim—

221 2184 360 2218 archae.
412 2184 490 2218 The
513 2184 572 2218 old
598 2185 753 2230 spelling
781 2185 991 2221 thensaurus
1013 2187 1069 2220 for
1095 2187 1266 2232 θησαυρός
1290 2185 1487 2220 resembles
1513 2185 1766 2221 Chersonensus

222 2242 278 2276 for
295 2243 528 2287 Χερσόνησος,
549 2243 786 2289 Scaptensula
804 2244 860 2278 for
877 2245 1107 2291 Σκαπτησύλη
1126 2244 1273 2290 (Σκαπτὴ
1292 2245 1381 2289 ὕλη).

294 2301 371 2334 286.
423 2299 638 2344 Videlicet,
657 2301 731 2335 like
755 2303 885 2337 scilieet
911 2304 985 2348 (see
1010 2306 1096 2337 note
1121 2315 1169 2337 on
1189 2315 1220 2336 v.
1241 2302 1334 2345 283),
1353 2302 1429 2336 also
1454 2302 1560 2336 takes
1582 2302 1667 2336 Acc.
1691 2302 1764 2337 and

224 2357 306 2401 inf„
325 2369 388 2402 eg.
408 2357 509 2392 Asin.
530 2361 598 2393 599
623 2372 718 2395 mmo
740 2362 835 2395 enim
857 2374 923 2396 esse
950 2362 1175 2408 Negotiosum
1200 2361 1376 2395 interdius
1400 2361 1566 2395 uidelicet
1591 2360 1762 2395 Solonem.

223 2415 357 2460 Quasi.
409 2415 488 2449 The
505 2416 611 2451 order
628 2418 667 2451 of
680 2418 744 2452 the
762 2419 880 2453 words
898 2420 929 2453 is
946 2419 1138 2454 abnornial
1155 2434 1162 2461 ;
1189 2419 1231 2453 cf.
1252 2422 1338 2453 note
1356 2430 1402 2452 on
1420 2431 1451 2454 V.
1474 2422 1549 2454 157.

294 2476 370 2508 287.
421 2473 566 2516 Ipsius.
617 2475 707 2510 This
725 2477 765 2520 is,
784 2477 968 2523 euriously
985 2477 1139 2522 enough,
1158 2477 1222 2511 the
1245 2477 1330 2522 only
1348 2477 1514 2521 example
1531 2477 1571 2511 of
1591 2476 1655 2511 the
1673 2477 1762 2512 Gen.

223 2531 320 2575 Sing.
350 2530 390 2564 of
413 2531 486 2577 ‘ipse
513 2532 551 2565 in
581 2532 742 2568 Plautus.
981 2535 1208 2572 Audaciam
1234 2534 1301 2568 has
1328 2535 1376 2568 its
1403 2535 1575 2580 ordinary
1598 2546 1702 2569 sense
1728 2535 1769 2569 of

225 2588 500 2634 ‘unprincipled
529 2589 677 2636 dari11g‚’
710 2591 946 2637 ‘effi-ontcry.'
995 2591 1133 2626 Audax
1161 2593 1192 2626 is
1225 2593 1326 2627 often
1354 2593 1479 2638 joined
1513 2592 1602 2627 with
1635 2592 1762 2636 malas,

223 2658 285 2692 eg.
315 2646 441 2681 Bacch.
470 2649 557 2682 949:

366 2715 463 2749 Nain
490 2717 540 2750 illi
567 2718 695 2752 itidem
724 2718 870 2753 Ulixem
896 2719 1033 2762 audiui,
1058 2722 1100 2754 ut
1125 2731 1190 2764 ego
1215 2732 1307 2763 sinn,
1327 2720 1438 2754 fuisse
1464 2723 1501 2755 et
1525 2720 1701 2754 audacem
1726 2723 1764 2755 et

412 2774 551 2808 malum
569 2788 574 2809 :

366 2831 469 2865 Dolis
494 2844 558 2878 ego
583 2844 738 2878 prensus
763 2846 856 2877 sum,
883 2834 943 2868 ille
968 2834 1181 2869 mendicans
1206 2846 1320 2880 paene
1346 2836 1521 2870 inuentus
1546 2836 1682 2870 interit.
