1888 3169
236 182 320 222 334
806 191 968 220 PLAVTI
1000 190 1194 220 CAPTIVI.
1575 180 1779 233 [942—-950

234 309 303 356 Et
337 308 388 355 id
422 315 473 356 et
507 309 657 366 aliud,
686 309 817 373 quod
851 327 928 356 me
961 307 1136 365 orabis,
1164 307 1467 372 impetrabis.
1542 314 1694 372 atque
1725 313 1778 355 te

235 386 402 434 Nolim
440 405 723 435 suscensere
759 387 891 452 quod
928 405 1017 452 ego
1054 386 1210 434 iratus
1247 385 1291 433 ei
1327 385 1418 434 feci
1455 386 1593 434 male.

236 466 487 514 PHILoon.
554 466 686 526 Quid
734 466 929 514 fecisti?
1026 466 1160 514 HEe.
1225 466 1284 513 In
1332 465 1621 530 lapicidinas
1669 484 1778 514 con-

370 544 595 609 peditum
633 544 845 601 condidi,

235 623 335 672 Vbi
383 624 559 672 resciui
607 623 728 671 mihi
776 624 897 672 data
943 642 1048 672 esse
1096 624 1259 672 uerba.
1357 624 1608 671 PHILOOR.
1671 623 1780 672 Vae

369 701 545 750 misero
582 701 717 759 mihi,
1711 717 1780 750 945

236 781 448 845 Propter
478 799 642 828 meum
668 788 818 846 caput
850 781 1040 829 labores
1074 780 1261 828 homini
1290 781 1513 829 euenisse
1546 783 1778 846 optumo!

237 860 368 908 HEG.
409 860 482 907 At
514 860 573 908 ob
604 879 712 908 earn
743 879 842 908 rem
875 861 995 908 mihi
1028 860 1244 908 libellam
1278 878 1364 925 pro
1398 878 1454 908 eo
1489 860 1686 925 argenti
1719 878 1781 909 ne

370 939 482 999 duis
505 958 512 986 :

237 1017 426 1065 Gratiis
459 1036 488 1065 a
523 1036 614 1076 me,
651 1026 709 1066 ut
743 1018 809 1066 sit
846 1018 983 1076 liber,
1020 1017 1202 1066 ducito.
1277 1018 1530 1065 PHILOCR.
1572 1017 1778 1083 Edepol,

372 1097 549 1162 Hegio,

237 1175 378 1223 Facis
410 1176 622 1241 benigne
645 1195 652 1223 :
689 1177 775 1224 sed
809 1195 1005 1242 quaeso,
1034 1177 1283 1225 hominem
1307 1181 1366 1223 ut
1392 1175 1562 1224 iubeas
1586 1176 1776 1224 arcessi.

372 1254 503 1302 ΗΕΘ.
546 1255 698 1303 Licet.

237 1331 340 1380 Vbi
360 1334 480 1382 estis
500 1337 615 1382 uos?
649 1335 718 1383 ite
739 1341 980 1392 actutum,
1005 1334 1292 1400 Tyndarum
1311 1333 1408 1381 huc
1427 1334 1672 1383 accersite.
1713 1350 1782 1383 950

301 1468 376 1499 942.
417 1469 508 1499 HEG.
522 1479 648 1509 praem.
672 1471 752 1500 libri
771 1470 824 1510 (cf.
847 1471 891 1500 ad
907 1480 938 1500 v.
954 1470 1028 1511 941)
1050 1470 1088 1511 (J
1101 1481 1134 1502 π.
1153 1472 1192 1510 Ζ.)
1282 1472 1482 1513 impetrabis
1502 1472 1567 1514 (tra
1585 1481 1622 1502 ex
1636 1469 1733 1512 corr.)
1751 1469 1780 1500 B

236 1519 354 1558 atque]
371 1521 403 1550 et
419 1520 445 1549 J
551 1521 626 1552 943.
674 1530 871 1551 succensere
888 1522 914 1552 J
1001 1527 1077 1553 ante
1095 1522 1125 1553 ei
1142 1524 1161 1553 2
1180 1524 1245 1556 litt.
1265 1534 1330 1556 νας.
1353 1526 1382 1555 Β
1472 1524 1560 1555 male
1576 1533 1616 1554 ea:
1632 1521 1715 1553 mali
1731 1523 1760 1552 B
1775 1534 1781 1553 :

236 1571 348 1602 malae
366 1573 396 1602 E
487 1572 561 1603 944.
608 1573 814 1612 lapidicinas
830 1573 872 1603 131
892 1573 987 1614 (corr.
1005 1574 1061 1615 13³)
1152 1577 1386 1616 compeditum
1403 1578 1429 1608 J
1515 1576 1587 1609 945.
1637 1573 1744 1605 michi
1758 1574 1785 1604 J

236 1633 278 1654 ue
297 1624 375 1654 libri
465 1624 538 1656 946.
586 1625 696 1665 capud
714 1627 744 1655 E
835 1626 909 1658 947.
957 1626 1073 1658 libella
1091 1628 1149 1658 VE
1240 1639 1282 1659 ne
1299 1640 1365 1661 ras.
1384 1641 1422 1660 ex
1439 1640 1494 1660 me
1514 1629 1544 1659 V
1630 1627 1706 1658 dius
1722 1626 1781 1656 VE

237 1680 274 1705 ut
290 1676 359 1705 vid.
516 1676 589 1708 948.
639 1677 770 1707 Gratiis
787 1679 946 1708 Bothsz‘us:
974 1678 1088 1709 Oratis
1106 1680 1185 1710 libri
1205 1680 1334 1721 (Gratis
1350 1682 1391 1721 J)
1527 1679 1641 1711 ducito
1658 1679 1782 1709 Linde-

236 1737 375 1757 mannus
389 1740 396 1758 :
421 1727 561 1758 aclucito
579 1730 659 1759 libri
678 1729 852 1770 (adducito
868 1729 909 1770 J)
985 1730 1129 1770 hedepol
1146 1733 1178 1762 E
1253 1733 1328 1771 egio
1344 1734 1370 1764 J
1456 1733 1531 1765 949.
1578 1740 1682 1771 queso
1694 1730 1784 1761 BVJ

237 1778 362 1809 accersi
379 1779 405 1809 J
491 1780 563 1812 950.
615 1781 779 1818 <agite>
797 1781 844 1811 ite
863 1782 947 1812 Leo:
974 1792 1036 1812 uos
1056 1782 1215 1813 <heus>
1241 1785 1437 1815 Skutschius
1539 1782 1726 1823 tyndarum
1743 1791 1782 1812 ea:

236 1830 396 1870 tydarum
414 1833 462 1863 B:
489 1832 665 1863 tindarum
683 1834 712 1863 E
803 1833 963 1864 accersite
983 1833 1033 1875 (ex
1050 1835 1114 1876 ar-)
1138 1835 1182 1868 V:
1209 1837 1386 1868 arecersite
1402 1838 1433 1867 E

236 1932 337 1967 dauz'.
390 1933 476 1967 Brix
502 1934 640 1979 prefers
666 1937 705 1969 to
723 1935 831 1969 make
854 1935 896 1969 z‘d
921 1935 1052 1980 Object
1074 1938 1114 1970 to
1138 1937 1348 1983 impetrabis
1372 1936 1445 1971 and
1471 1938 1694 1982 punctuates
1718 1935 1783 1970 the

237 1993 410 2025 sentence
427 1992 534 2026 thus:
561 1992 623 2037 ref.
642 1993 776 2038 matie..
829 1993 870 2027 id
885 1994 983 2039 qaod
992 1994 1168 2040 postulas,
1188 1995 1237 2029 Et
1253 1995 1296 2029 id
1311 2001 1343 2030 et
1360 1995 1476 2038 aliud,
1495 1994 1553 2030 &c.

309 2052 386 2084 942.
432 2050 585 2087 Orabis.
629 2051 707 2084 The
725 2063 831 2085 661166
852 2052 889 2085 ‘I
908 2052 994 2086 ask'
1014 2053 1045 2086 16
1063 2053 1126 2087 the
1144 2054 1287 2088 normal
1305 2066 1410 2088 sense
1428 2054 1468 2088 of
1482 2066 1541 2088 oro
1559 2053 1596 2088 in
1616 2053 1780 2096 Plautus,

238 2107 380 2153 though
400 2120 421 2142 a
438 2111 537 2142 trace
556 2109 596 2142 of
616 2109 679 2143 the
697 2109 799 2143 older
816 2121 921 2144 sense
942 2113 949 2127 ‘
963 2111 979 2144 I
999 2111 1112 2156 speak
1125 2114 1132 2128 ⁷
1152 2112 1260 2156 (from
1279 2124 1324 2155 os,
1344 2112 1409 2146 the
1426 2112 1573 2156 mouth)
1591 2112 1623 2146 is
1640 2123 1725 2146 seen
1744 2111 1782 2146 in

239 2164 469 2207 expressions
494 2163 568 2197 like
593 2176 752 2210 aeqzmm,
778 2165 835 2198 ias
860 2172 948 2199 orat.
1002 2166 1089 2210 (For
1116 2167 1337 2211 particulars
1361 2179 1420 2201 see
1446 2167 1671 2212 Heerdegen,
1699 2167 1780 2201 Lat.

238 2220 500 2268 Semasioloyie,
520 2234 579 2268 pp.
600 2225 620 2257 8
635 2224 732 2268 sqq.)

310 2281 388 2314 946.
439 2280 645 2317 Euenisse.
698 2281 775 2314 The
807 2281 876 2315 inf.
910 2282 950 2315 of
980 2283 1237 2317 Exclamation
1272 2283 1302 2317 is
1335 2283 1421 2317 here
1454 2282 1631 2328 preceded
1660 2282 1709 2328 by
1735 2294 1783 2316 an

240 2337 518 2383 Interjectional
544 2338 686 2383 phrase,
717 2351 782 2372 uae
808 2340 932 2373 misero
958 2341 1056 2374 milei.
1109 2341 1219 2387 Epid.
1242 2344 1306 2375 521
1335 2341 1365 2375 is
1390 2353 1412 2375 a
1437 2341 1608 2376 doubtful
1633 2341 1784 2387 parallel

239 2397 277 2430 in
303 2397 467 2440 Plautus,
486 2396 555 2431 but
578 2409 631 2431 we
657 2397 750 2431 have
774 2398 810 2431 in
836 2398 1004 2441 Terence,
1028 2411 1090 2444 eg.
1112 2400 1225 2433 Haut.
1247 2402 1314 2433 503
1340 2400 1382 2433 de?
1405 2406 1563 2434 uestram
1578 2400 1703 2446 fidem,
1722 2401 1784 2435 Ita

239 2461 477 2501 conparatum
502 2467 569 2489 esse
594 2455 775 2489 hominum
804 2462 976 2490 mrem-am
1002 2457 1199 2500 omniaml,
1219 2459 1288 2491 630
1314 2457 1341 2491 O
1362 2458 1534 2504 Iuppiter,
1554 2464 1695 2492 tantam
1717 2471 1785 2493 esse

239 2514 279 2548 z'n
306 2514 428 2547 animo
454 2514 673 2557 inscitiam!‚
702 2514 760 2548 &c
813 2515 972 2549 Terence
1000 2516 1127 2550 uffects
1154 2516 1218 2550 the
1247 2516 1435 2552 Infinitive
1462 2517 1503 2550 of
1528 2517 1783 2551 Exclamation

240 2572 351 2606 much
369 2584 470 2606 inore
487 2573 579 2607 than
601 2573 763 2607 Plautus.

311 2632 388 2665 947.
442 2631 862 2674 Libellam...argenti.
914 2633 1041 2667 Pseud.
1063 2635 1131 2668 629
1153 2633 1235 2667 Τι’ὐί
1251 2633 1411 2668 libellam
1428 2635 1570 2680 amenti
1585 2646 1783 2680 numquam

240 2689 390 2723 credam.
536 2688 637 2724 Duis
665 2689 723 2733 (cf.
754 2690 846 2733 331).
900 2690 957 2724 On
987 2691 1090 2724 these
1120 2691 1291 2725 so-called
1319 2691 1618 2737 ‘Subjunctives'
1643 2692 1681 2726 in
1708 2693 1782 2736 -z'm,

241 2747 359 2781 which
378 2747 490 2792 really
507 2758 569 2780 are
586 2747 650 2780 the
669 2748 774 2781 relies
792 2748 829 2781 in
850 2748 958 2782 Latin
977 2750 1017 2783 of
1031 2750 1094 2783 the
1113 2750 1288 2794 Optative
1308 2750 1428 2793 Mood‚
1447 2750 1490 2784 cf.
1510 2750 1556 2784 ad
1574 2762 1605 2784 v.
1630 2752 1706 2786 728.

312 2806 389 2839 949.
442 2805 567 2849 Licet,
588 2805 659 2838 “‘I
688 2806 759 2839 will
785 2807 986 2852 certainly)
1037 2808 1084 2841 So
1111 2807 1238 2841 Pseud.
1265 2809 1342 2851 357,
1367 2808 1459 2842 Men.
1488 2810 1564 2851 158,
1584 2810 1662 2851 213,
1687 2808 1781 2843 Eud.

244 2865 495 2905 1211—1226;
522 2862 590 2897 but
608 2875 719 2898 never
738 2866 746 2882 ‘
756 2865 840 2910 ycs‚'
859 2865 897 2898 in
914 2877 1056 2900 answer
1072 2868 1111 2900 to
1127 2878 1149 2900 a
1166 2867 1368 2911 question.⁷’
1419 2867 1560 2901 Morris,
