<?xml version="1.0" encoding="UTF-8"?>
<!DOCTYPE html PUBLIC "-//W3C//DTD XHTML 1.0 Transitional//EN"
    "http://www.w3.org/TR/xhtml1/DTD/xhtml1-transitional.dtd">
<html xmlns="http://www.w3.org/1999/xhtml" xml:lang="en" lang="en">
 <head>
  <title>
</title>
<meta http-equiv="Content-Type" content="text/html;charset=utf-8" />
  <meta name='ocr-system' content='tesseract 3.04.00' />
  <meta name='ocr-capabilities' content='ocr_page ocr_carea ocr_par ocr_line ocrx_word'/>
</head>
<body>
  <div class='ocr_page' id='page_1' title='image "./captivieditedwit00plauuoft_0246.png"; bbox 0 0 1888 3169; ppageno 0'>
   <div class='ocr_carea' id='block_1_1' title="bbox 197 123 1741 178">
    <p class='ocr_par' dir='ltr' id='par_1_1' title="bbox 197 123 1741 178">
     <span class='ocr_line' id='line_1_1' title="bbox 197 123 1741 178; baseline 0.002 -16"><span class='ocrx_word' id='word_1_1' title='bbox 197 123 280 163; x_wconf 88' lang='grc'>218</span> <span class='ocrx_word' id='word_1_2' title='bbox 774 134 938 164; x_wconf 84' lang='lat' dir='ltr'><strong>PLAVTI</strong></span> <span class='ocrx_word' id='word_1_3' title='bbox 970 135 1164 166; x_wconf 76' lang='lat' dir='ltr'>CAPTivi.</span> <span class='ocrx_word' id='word_1_4' title='bbox 1535 124 1741 178; x_wconf 82' lang='lat'>[394—398</span> 
     </span>
    </p>
   </div>
   <div class='ocr_carea' id='block_1_2' title="bbox 199 237 1740 933">
    <p class='ocr_par' dir='ltr' id='par_1_2' title="bbox 199 237 1738 366">
     <span class='ocr_line' id='line_1_2' title="bbox 199 237 1738 305; baseline 0.001 -21"><span class='ocrx_word' id='word_1_5' title='bbox 199 237 362 285; x_wconf 87' lang='lat' dir='ltr'>TYND.</span> <span class='ocrx_word' id='word_1_6' title='bbox 404 237 533 285; x_wconf 89' lang='lat' dir='ltr'>Nam</span> <span class='ocrx_word' id='word_1_7' title='bbox 571 238 812 304; x_wconf 81' lang='lat' dir='ltr'>equidem,</span> <span class='ocrx_word' id='word_1_8' title='bbox 845 239 939 286; x_wconf 87' lang='lat' dir='ltr'>nisi</span> <span class='ocrx_word' id='word_1_9' title='bbox 971 240 1102 305; x_wconf 90' lang='lat' dir='ltr'>quod</span> <span class='ocrx_word' id='word_1_10' title='bbox 1135 240 1390 288; x_wconf 87' lang='lat' dir='ltr'>custodem</span> <span class='ocrx_word' id='word_1_11' title='bbox 1423 239 1593 297; x_wconf 91' lang='lat' dir='ltr'>habeo,</span> <span class='ocrx_word' id='word_1_12' title='bbox 1619 238 1738 286; x_wconf 87' lang='lat' dir='ltr'>libe-</span> 
     </span>
     <span class='ocr_line' id='line_1_3' title="bbox 333 318 953 366; baseline 0.005 -3"><span class='ocrx_word' id='word_1_13' title='bbox 333 335 443 364; x_wconf 87' lang='lat' dir='ltr'>rum</span> <span class='ocrx_word' id='word_1_14' title='bbox 478 335 556 365; x_wconf 93' lang='lat' dir='ltr'>me</span> <span class='ocrx_word' id='word_1_15' title='bbox 592 336 696 366; x_wconf 91' lang='lat' dir='ltr'>esse</span> <span class='ocrx_word' id='word_1_16' title='bbox 732 318 953 366; x_wconf 79' lang='lat' dir='ltr'>arbitror.</span> 
     </span>
    </p>

    <p class='ocr_par' dir='ltr' id='par_1_3' title="bbox 200 395 1739 462">
     <span class='ocr_line' id='line_1_4' title="bbox 200 395 1739 462; baseline 0 -20"><span class='ocrx_word' id='word_1_17' title='bbox 200 395 366 443; x_wconf 87' lang='lat' dir='ltr'>Dicito</span> <span class='ocrx_word' id='word_1_18' title='bbox 402 397 532 460; x_wconf 82' lang='lat' dir='ltr'>patri</span> <span class='ocrx_word' id='word_1_19' title='bbox 569 415 665 461; x_wconf 90' lang='lat' dir='ltr'>quo</span> <span class='ocrx_word' id='word_1_20' title='bbox 701 404 847 462; x_wconf 86' lang='lat' dir='ltr'>paeto</span> <span class='ocrx_word' id='word_1_21' title='bbox 883 398 1003 445; x_wconf 84' lang='lat' dir='ltr'>mihi</span> <span class='ocrx_word' id='word_1_22' title='bbox 1039 417 1148 446; x_wconf 88' lang='lat' dir='ltr'>cum</span> <span class='ocrx_word' id='word_1_23' title='bbox 1186 398 1276 446; x_wconf 87' lang='lat' dir='ltr'>hoc</span> <span class='ocrx_word' id='word_1_24' title='bbox 1312 396 1600 446; x_wconf 84' lang='lat' dir='ltr'>conuenerit</span> <span class='ocrx_word' id='word_1_25' title='bbox 1671 410 1739 443; x_wconf 86' lang='lat'>395</span> 
     </span>
    </p>

    <p class='ocr_par' dir='ltr' id='par_1_4' title="bbox 201 474 1740 601">
     <span class='ocr_line' id='line_1_5' title="bbox 201 474 1740 536; baseline 0.001 -16"><span class='ocrx_word' id='word_1_26' title='bbox 201 474 276 521; x_wconf 93' lang='lat' dir='ltr'>De</span> <span class='ocrx_word' id='word_1_27' title='bbox 313 474 460 522; x_wconf 87' lang='lat' dir='ltr'>huius</span> <span class='ocrx_word' id='word_1_28' title='bbox 495 474 605 523; x_wconf 82' lang='lat' dir='ltr'>filio.</span> <span class='ocrx_word' id='word_1_29' title='bbox 694 476 843 524; x_wconf 86' lang='lat' dir='ltr'><strong>PHIL.</strong></span> <span class='ocrx_word' id='word_1_30' title='bbox 898 476 1037 536; x_wconf 80' lang='lat' dir='ltr'>Quae</span> <span class='ocrx_word' id='word_1_31' title='bbox 1074 476 1286 534; x_wconf 85' lang='lat' dir='ltr'>memini,</span> <span class='ocrx_word' id='word_1_32' title='bbox 1324 494 1459 523; x_wconf 84' lang='lat' dir='ltr'>mora</span> <span class='ocrx_word' id='word_1_33' title='bbox 1494 492 1628 522; x_wconf 85' lang='lat' dir='ltr'>mera</span> <span class='ocrx_word' id='word_1_34' title='bbox 1663 481 1740 522; x_wconf 88' lang='lat' dir='ltr'>est</span> 
     </span>
     <span class='ocr_line' id='line_1_6' title="bbox 333 553 582 601; baseline 0.008 -2"><span class='ocrx_word' id='word_1_35' title='bbox 333 553 582 601; x_wconf 88' lang='lat' dir='ltr'>monerier.</span> 
     </span>
    </p>

    <p class='ocr_par' dir='ltr' id='par_1_5' title="bbox 199 630 1740 760">
     <span class='ocr_line' id='line_1_7' title="bbox 199 630 1740 683; baseline 0.001 -5"><span class='ocrx_word' id='word_1_36' title='bbox 199 630 363 679; x_wconf 88' lang='lat' dir='ltr'>TYND.</span> <span class='ocrx_word' id='word_1_37' title='bbox 416 632 491 680; x_wconf 88' lang='lat' dir='ltr'>Vt</span> <span class='ocrx_word' id='word_1_38' title='bbox 538 651 647 680; x_wconf 87' lang='lat' dir='ltr'>eum</span> <span class='ocrx_word' id='word_1_39' title='bbox 707 633 919 682; x_wconf 79' lang='lat' dir='ltr'>redimat</span> <span class='ocrx_word' id='word_1_40' title='bbox 974 640 1026 683; x_wconf 86' lang='lat' dir='ltr'>et</span> <span class='ocrx_word' id='word_1_41' title='bbox 1082 634 1309 682; x_wconf 84' lang='lat' dir='ltr'>remittat</span> <span class='ocrx_word' id='word_1_42' title='bbox 1364 640 1589 682; x_wconf 86' lang='lat' dir='ltr'>nostrum</span> <span class='ocrx_word' id='word_1_43' title='bbox 1644 632 1740 679; x_wconf 88' lang='lat' dir='ltr'>hue</span> 
     </span>
     <span class='ocr_line' id='line_1_8' title="bbox 331 710 791 760; baseline 0.007 -3"><span class='ocrx_word' id='word_1_44' title='bbox 331 710 585 758; x_wconf 85' lang='lat' dir='ltr'>amborum</span> <span class='ocrx_word' id='word_1_45' title='bbox 621 711 791 760; x_wconf 87' lang='lat' dir='ltr'>uicem.</span> 
     </span>
    </p>

    <p class='ocr_par' dir='ltr' id='par_1_6' title="bbox 199 788 1740 933">
     <span class='ocr_line' id='line_1_9' title="bbox 199 788 1740 857; baseline 0.001 -21"><span class='ocrx_word' id='word_1_46' title='bbox 199 788 349 836; x_wconf 85' lang='lat' dir='ltr'><strong>PHIL.</strong></span> <span class='ocrx_word' id='word_1_47' title='bbox 385 789 668 838; x_wconf 88' lang='lat' dir='ltr'>Meminero.</span> <span class='ocrx_word' id='word_1_48' title='bbox 743 791 876 839; x_wconf 55' lang='grc' dir='ltr'><strong>ΗΕΘ..</strong></span> <span class='ocrx_word' id='word_1_49' title='bbox 913 791 986 838; x_wconf 92' lang='lat' dir='ltr'>At</span> <span class='ocrx_word' id='word_1_50' title='bbox 1015 809 1161 856; x_wconf 88' lang='lat' dir='ltr'>quam</span> <span class='ocrx_word' id='word_1_51' title='bbox 1191 791 1405 857; x_wconf 84' lang='lat' dir='ltr'>primum</span> <span class='ocrx_word' id='word_1_52' title='bbox 1429 797 1575 856; x_wconf 90' lang='lat' dir='ltr'>pote:</span> <span class='ocrx_word' id='word_1_53' title='bbox 1611 791 1740 839; x_wconf 86' lang='lat' dir='ltr'>istuc</span> 
     </span>
     <span class='ocr_line' id='line_1_10' title="bbox 334 867 1089 933; baseline 0.005 -19"><span class='ocrx_word' id='word_1_54' title='bbox 334 867 385 914; x_wconf 90' lang='lat' dir='ltr'>in</span> <span class='ocrx_word' id='word_1_55' title='bbox 420 886 522 915; x_wconf 84' lang='lat' dir='ltr'>rem</span> <span class='ocrx_word' id='word_1_56' title='bbox 558 869 809 933; x_wconf 70' lang='lat' dir='ltr'>utriquest</span> <span class='ocrx_word' id='word_1_57' title='bbox 846 888 1089 918; x_wconf 77' lang='lat' dir='ltr'>maxume.</span> 
     </span>
    </p>
   </div>
   <div class='ocr_carea' id='block_1_3' title="bbox 207 988 891 993">
    <p class='ocr_par' dir='ltr' id='par_1_7' title="bbox 207 988 891 993">
     <span class='ocr_line' id='line_1_11' title="bbox 207 988 891 993; baseline 0 0"><span class='ocrx_word' id='word_1_58' title='bbox 207 988 891 993; x_wconf 95' lang='lat' dir='ltr'> </span> 
     </span>
    </p>
   </div>
   <div class='ocr_carea' id='block_1_4' title="bbox 199 1047 1743 1340">
    <p class='ocr_par' dir='ltr' id='par_1_8' title="bbox 199 1047 1743 1340">
     <span class='ocr_line' id='line_1_12' title="bbox 264 1047 1740 1089; baseline -0.001 -10"><span class='ocrx_word' id='word_1_59' title='bbox 264 1049 338 1080; x_wconf 87' lang='lat'>394.</span> <span class='ocrx_word' id='word_1_60' title='bbox 387 1049 495 1082; x_wconf 78' lang='lat' dir='ltr'>TYND.</span> <span class='ocrx_word' id='word_1_61' title='bbox 525 1051 602 1081; x_wconf 83' lang='lat' dir='ltr'>add.</span> <span class='ocrx_word' id='word_1_62' title='bbox 628 1049 691 1082; x_wconf 77' lang='lat'>13³:</span> <span class='ocrx_word' id='word_1_63' title='bbox 727 1061 788 1081; x_wconf 88' lang='lat' dir='ltr'>om.</span> <span class='ocrx_word' id='word_1_64' title='bbox 814 1054 889 1081; x_wconf 76' lang='lat' dir='ltr'>cett.</span> <span class='ocrx_word' id='word_1_65' title='bbox 991 1050 1130 1089; x_wconf 86' lang='lat' dir='ltr'>quidem</span> <span class='ocrx_word' id='word_1_66' title='bbox 1155 1051 1255 1081; x_wconf 81' lang='lat' dir='ltr'><em>libri:</em></span> <span class='ocrx_word' id='word_1_67' title='bbox 1287 1060 1370 1081; x_wconf 81' lang='lat' dir='ltr'>corr.</span> <span class='ocrx_word' id='word_1_68' title='bbox 1396 1050 1579 1080; x_wconf 79' lang='lat' dir='ltr'>Lambinus</span> <span class='ocrx_word' id='word_1_69' title='bbox 1672 1047 1740 1079; x_wconf 81' lang='lat' dir='ltr'>nisi</span> 
     </span>
     <span class='ocr_line' id='line_1_13' title="bbox 199 1099 1743 1143; baseline 0.001 -13"><span class='ocrx_word' id='word_1_70' title='bbox 199 1099 246 1130; x_wconf 82' lang='grc' dir='ltr'>Ε3</span> <span class='ocrx_word' id='word_1_71' title='bbox 264 1100 354 1141; x_wconf 82' lang='lat' dir='ltr'>(rec.)</span> <span class='ocrx_word' id='word_1_72' title='bbox 372 1102 409 1131; x_wconf 78' lang='lat' dir='ltr'>in</span> <span class='ocrx_word' id='word_1_73' title='bbox 424 1111 491 1132; x_wconf 77' lang='lat' dir='ltr'>ras.</span> <span class='ocrx_word' id='word_1_74' title='bbox 677 1103 751 1134; x_wconf 86' lang='lat'><strong>395.</strong></span> <span class='ocrx_word' id='word_1_75' title='bbox 802 1111 880 1132; x_wconf 87' lang='lat' dir='ltr'>cum</span> <span class='ocrx_word' id='word_1_76' title='bbox 896 1101 960 1132; x_wconf 84' lang='lat' dir='ltr'>hoc</span> <span class='ocrx_word' id='word_1_77' title='bbox 977 1101 1065 1132; x_wconf 88' lang='lat' dir='ltr'>mihi</span> <span class='ocrx_word' id='word_1_78' title='bbox 1081 1103 1229 1143; x_wconf 79' lang='lat' dir='ltr'>Pylades</span> <span class='ocrx_word' id='word_1_79' title='bbox 1404 1102 1478 1134; x_wconf 82' lang='lat'><strong>396.</strong></span> <span class='ocrx_word' id='word_1_80' title='bbox 1527 1110 1660 1132; x_wconf 80' lang='lat' dir='ltr'>moram</span> <span class='ocrx_word' id='word_1_81' title='bbox 1675 1101 1743 1131; x_wconf 91' lang='lat' dir='ltr'>DV</span> 
     </span>
     <span class='ocr_line' id='line_1_14' title="bbox 199 1153 1740 1195; baseline 0.001 -13"><span class='ocrx_word' id='word_1_82' title='bbox 199 1161 253 1183; x_wconf 89' lang='lat' dir='ltr'>me</span> <span class='ocrx_word' id='word_1_83' title='bbox 268 1155 319 1183; x_wconf 88' lang='lat' dir='ltr'>est</span> <span class='ocrx_word' id='word_1_84' title='bbox 335 1154 362 1184; x_wconf 86' lang='lat' dir='ltr'><em>J</em></span> <span class='ocrx_word' id='word_1_85' title='bbox 534 1154 608 1186; x_wconf 85' lang='lat'><strong>397.</strong></span> <span class='ocrx_word' id='word_1_86' title='bbox 656 1154 765 1185; x_wconf 77' lang='lat' dir='ltr'>TYND.</span> <span class='ocrx_word' id='word_1_87' title='bbox 783 1156 860 1185; x_wconf 84' lang='lat' dir='ltr'>add.</span> <span class='ocrx_word' id='word_1_88' title='bbox 877 1154 942 1185; x_wconf 79' lang='lat' dir='ltr'>B3:</span> <span class='ocrx_word' id='word_1_89' title='bbox 967 1165 1028 1185; x_wconf 86' lang='lat' dir='ltr'>om.</span> <span class='ocrx_word' id='word_1_90' title='bbox 1045 1159 1120 1185; x_wconf 80' lang='lat' dir='ltr'>cett.</span> <span class='ocrx_word' id='word_1_91' title='bbox 1254 1153 1400 1185; x_wconf 84' lang='lat' dir='ltr'>redimat</span> <span class='ocrx_word' id='word_1_92' title='bbox 1418 1154 1449 1195; x_wconf 86' lang='lat' dir='ltr'>(a</span> <span class='ocrx_word' id='word_1_93' title='bbox 1465 1164 1505 1185; x_wconf 76' lang='lat' dir='ltr'>ex</span> <span class='ocrx_word' id='word_1_94' title='bbox 1522 1163 1540 1184; x_wconf 96' lang='lat' dir='ltr'>o</span> <span class='ocrx_word' id='word_1_95' title='bbox 1558 1159 1594 1184; x_wconf 80' lang='lat' dir='ltr'>ut</span> <span class='ocrx_word' id='word_1_96' title='bbox 1610 1153 1692 1194; x_wconf 80' lang='lat' dir='ltr'>vid.)</span> <span class='ocrx_word' id='word_1_97' title='bbox 1711 1153 1740 1183; x_wconf 93' lang='lat' dir='ltr'><em>B</em></span> 
     </span>
     <span class='ocr_line' id='line_1_15' title="bbox 199 1203 1742 1244; baseline 0.001 -10"><span class='ocrx_word' id='word_1_98' title='bbox 199 1204 273 1235; x_wconf 82' lang='lat'><strong>398.</strong></span> <span class='ocrx_word' id='word_1_99' title='bbox 319 1204 419 1235; x_wconf 60' lang='lat' dir='ltr'>Pan..</span> <span class='ocrx_word' id='word_1_100' title='bbox 438 1207 515 1236; x_wconf 79' lang='lat' dir='ltr'>add.</span> <span class='ocrx_word' id='word_1_101' title='bbox 533 1205 595 1237; x_wconf 82' lang='lat' dir='ltr'>B3:</span> <span class='ocrx_word' id='word_1_102' title='bbox 620 1217 680 1237; x_wconf 81' lang='lat' dir='ltr'>om.</span> <span class='ocrx_word' id='word_1_103' title='bbox 698 1211 774 1237; x_wconf 77' lang='lat' dir='ltr'>cett.</span> <span class='ocrx_word' id='word_1_104' title='bbox 878 1206 969 1237; x_wconf 67' lang='lat' dir='ltr'>Hm.</span> <span class='ocrx_word' id='word_1_105' title='bbox 987 1206 1031 1237; x_wconf 83' lang='grc' dir='ltr'>Β3</span> <span class='ocrx_word' id='word_1_106' title='bbox 1048 1208 1085 1237; x_wconf 76' lang='lat' dir='ltr'>in</span> <span class='ocrx_word' id='word_1_107' title='bbox 1103 1216 1165 1237; x_wconf 77' lang='lat' dir='ltr'>ras.</span> <span class='ocrx_word' id='word_1_108' title='bbox 1193 1205 1278 1237; x_wconf 75' lang='lat' dir='ltr'>V²J2</span> <span class='ocrx_word' id='word_1_109' title='bbox 1304 1205 1410 1237; x_wconf 76' lang='lat' dir='ltr'>TYND.</span> <span class='ocrx_word' id='word_1_110' title='bbox 1431 1210 1506 1237; x_wconf 78' lang='lat' dir='ltr'>cett.</span> <span class='ocrx_word' id='word_1_111' title='bbox 1612 1203 1742 1244; x_wconf 82' lang='lat' dir='ltr'>poteris</span> 
     </span>
     <span class='ocr_line' id='line_1_16' title="bbox 199 1256 1739 1299; baseline 0.001 -13"><span class='ocrx_word' id='word_1_112' title='bbox 199 1256 279 1287; x_wconf 72' lang='lat' dir='ltr'>libri</span> <span class='ocrx_word' id='word_1_113' title='bbox 293 1269 300 1288; x_wconf 91' lang='lat'><strong>:</strong></span> <span class='ocrx_word' id='word_1_114' title='bbox 323 1267 405 1289; x_wconf 75' lang='lat' dir='ltr'>corr.</span> <span class='ocrx_word' id='word_1_115' title='bbox 426 1258 624 1298; x_wconf 72' lang='lat' dir='ltr'>Spenyelius</span> <span class='ocrx_word' id='word_1_116' title='bbox 641 1259 765 1289; x_wconf 77' lang='lat' dir='ltr'>Philol.</span> <span class='ocrx_word' id='word_1_117' title='bbox 783 1268 901 1289; x_wconf 79' lang='lat' dir='ltr'>xxxvn</span> <span class='ocrx_word' id='word_1_118' title='bbox 912 1269 947 1299; x_wconf 81' lang='lat' dir='ltr'>p.</span> <span class='ocrx_word' id='word_1_119' title='bbox 968 1259 1031 1290; x_wconf 84' lang='lat'>435</span> <span class='ocrx_word' id='word_1_120' title='bbox 1121 1258 1257 1297; x_wconf 87' lang='lat' dir='ltr'>utrique</span> <span class='ocrx_word' id='word_1_121' title='bbox 1274 1262 1324 1290; x_wconf 89' lang='lat' dir='ltr'>est</span> <span class='ocrx_word' id='word_1_122' title='bbox 1341 1258 1448 1290; x_wconf 83' lang='lat' dir='ltr'><em>BV2J</em></span> <span class='ocrx_word' id='word_1_123' title='bbox 1520 1267 1680 1289; x_wconf 81' lang='lat' dir='ltr'>maxume</span> <span class='ocrx_word' id='word_1_124' title='bbox 1696 1258 1739 1288; x_wconf 89' lang='lat' dir='ltr'>J:</span> 
     </span>
     <span class='ocr_line' id='line_1_17' title="bbox 201 1311 408 1340; baseline 0.01 -2"><span class='ocrx_word' id='word_1_125' title='bbox 201 1317 283 1338; x_wconf 88' lang='lat' dir='ltr'>-1me</span> <span class='ocrx_word' id='word_1_126' title='bbox 307 1311 408 1340; x_wconf 79' lang='lat' dir='ltr'>ceteri</span> 
     </span>
    </p>
   </div>
   <div class='ocr_carea' id='block_1_5' title="bbox 196 1399 891 1405">
    <p class='ocr_par' dir='ltr' id='par_1_9' title="bbox 196 1399 891 1405">
     <span class='ocr_line' id='line_1_18' title="bbox 196 1399 891 1405; baseline 0 0"><span class='ocrx_word' id='word_1_127' title='bbox 196 1399 891 1405; x_wconf 95' lang='lat' dir='ltr'> </span> 
     </span>
    </p>
   </div>
   <div class='ocr_carea' id='block_1_6' title="bbox 198 1451 1743 2563">
    <p class='ocr_par' dir='ltr' id='par_1_10' title="bbox 198 1451 1740 1674">
     <span class='ocr_line' id='line_1_19' title="bbox 270 1451 1740 1500; baseline 0.001 -15"><span class='ocrx_word' id='word_1_128' title='bbox 270 1453 348 1486; x_wconf 81' lang='lat'><strong>394.</strong></span> <span class='ocrx_word' id='word_1_129' title='bbox 399 1451 504 1488; x_wconf 86' lang='lat' dir='ltr'>Nam</span> <span class='ocrx_word' id='word_1_130' title='bbox 536 1454 720 1496; x_wconf 83' lang='lat' dir='ltr'>equidem</span> <span class='ocrx_word' id='word_1_131' title='bbox 750 1456 808 1500; x_wconf 86' lang='lat' dir='ltr'>(cf.</span> <span class='ocrx_word' id='word_1_132' title='bbox 837 1455 884 1489; x_wconf 89' lang='lat' dir='ltr'>ad</span> <span class='ocrx_word' id='word_1_133' title='bbox 912 1467 943 1489; x_wconf 80' lang='lat' dir='ltr'>v.</span> <span class='ocrx_word' id='word_1_134' title='bbox 974 1456 1067 1499; x_wconf 75' lang='lat'><strong>249).</strong></span> <span class='ocrx_word' id='word_1_135' title='bbox 1130 1455 1209 1489; x_wconf 88' lang='lat' dir='ltr'>The</span> <span class='ocrx_word' id='word_1_136' title='bbox 1237 1466 1302 1489; x_wconf 85' lang='lat' dir='ltr'>use</span> <span class='ocrx_word' id='word_1_137' title='bbox 1334 1455 1375 1488; x_wconf 88' lang='lat' dir='ltr'>of</span> <span class='ocrx_word' id='word_1_138' title='bbox 1403 1454 1565 1500; x_wconf 75' lang='lat' dir='ltr'>equidem</span> <span class='ocrx_word' id='word_1_139' title='bbox 1593 1454 1631 1488; x_wconf 90' lang='lat' dir='ltr'>in</span> <span class='ocrx_word' id='word_1_140' title='bbox 1664 1453 1740 1488; x_wconf 84' lang='lat' dir='ltr'>this</span> 
     </span>
     <span class='ocr_line' id='line_1_20' title="bbox 198 1509 1740 1558; baseline 0.003 -15"><span class='ocrx_word' id='word_1_141' title='bbox 198 1509 355 1544; x_wconf 68' lang='lat' dir='ltr'>formula</span> <span class='ocrx_word' id='word_1_142' title='bbox 384 1510 415 1544; x_wconf 86' lang='lat' dir='ltr'>is</span> <span class='ocrx_word' id='word_1_143' title='bbox 444 1522 484 1545; x_wconf 87' lang='lat' dir='ltr'>so</span> <span class='ocrx_word' id='word_1_144' title='bbox 509 1511 680 1556; x_wconf 72' lang='lat' dir='ltr'>frequent</span> <span class='ocrx_word' id='word_1_145' title='bbox 709 1513 747 1547; x_wconf 90' lang='lat' dir='ltr'>in</span> <span class='ocrx_word' id='word_1_146' title='bbox 779 1513 932 1547; x_wconf 76' lang='lat' dir='ltr'>Plautus</span> <span class='ocrx_word' id='word_1_147' title='bbox 959 1513 1042 1547; x_wconf 87' lang='lat' dir='ltr'>that</span> <span class='ocrx_word' id='word_1_148' title='bbox 1071 1525 1124 1547; x_wconf 79' lang='lat' dir='ltr'>we</span> <span class='ocrx_word' id='word_1_149' title='bbox 1152 1525 1238 1558; x_wconf 79' lang='lat' dir='ltr'>may</span> <span class='ocrx_word' id='word_1_150' title='bbox 1263 1516 1417 1547; x_wconf 87' lang='lat' dir='ltr'>venture</span> <span class='ocrx_word' id='word_1_151' title='bbox 1445 1515 1484 1548; x_wconf 90' lang='lat' dir='ltr'>to</span> <span class='ocrx_word' id='word_1_152' title='bbox 1511 1512 1650 1558; x_wconf 79' lang='lat' dir='ltr'>change</span> <span class='ocrx_word' id='word_1_153' title='bbox 1675 1513 1740 1547; x_wconf 87' lang='lat' dir='ltr'>the</span> 
     </span>
     <span class='ocr_line' id='line_1_21' title="bbox 198 1568 1740 1617; baseline 0.002 -15"><span class='ocrx_word' id='word_1_154' title='bbox 198 1568 342 1614; x_wconf 78' lang='lat' dir='ltr'>quidem</span> <span class='ocrx_word' id='word_1_155' title='bbox 359 1569 399 1603; x_wconf 90' lang='lat' dir='ltr'>of</span> <span class='ocrx_word' id='word_1_156' title='bbox 420 1569 484 1603; x_wconf 85' lang='lat' dir='ltr'>the</span> <span class='ocrx_word' id='word_1_157' title='bbox 510 1569 614 1604; x_wconf 81' lang='lat' dir='ltr'><strong>MSS.</strong></span> <span class='ocrx_word' id='word_1_158' title='bbox 640 1570 735 1605; x_wconf 81' lang='lat' dir='ltr'>here.</span> <span class='ocrx_word' id='word_1_159' title='bbox 788 1571 990 1617; x_wconf 81' lang='lat' dir='ltr'>(Similarly</span> <span class='ocrx_word' id='word_1_160' title='bbox 1007 1571 1045 1605; x_wconf 88' lang='lat' dir='ltr'>in</span> <span class='ocrx_word' id='word_1_161' title='bbox 1069 1571 1199 1605; x_wconf 75' lang='lat' dir='ltr'>Pseud.</span> <span class='ocrx_word' id='word_1_162' title='bbox 1220 1574 1288 1606; x_wconf 78' lang='lat'>620</span> <span class='ocrx_word' id='word_1_163' title='bbox 1313 1584 1398 1606; x_wconf 75' lang='lat' dir='ltr'>nam</span> <span class='ocrx_word' id='word_1_164' title='bbox 1424 1572 1585 1617; x_wconf 73' lang='lat' dir='ltr'>equidem</span> <span class='ocrx_word' id='word_1_165' title='bbox 1609 1571 1649 1606; x_wconf 86' lang='lat' dir='ltr'>of</span> <span class='ocrx_word' id='word_1_166' title='bbox 1669 1571 1740 1606; x_wconf 89' lang='lat' dir='ltr'>BD</span> 
     </span>
     <span class='ocr_line' id='line_1_22' title="bbox 198 1626 1623 1674; baseline 0.002 -13"><span class='ocrx_word' id='word_1_167' title='bbox 198 1627 266 1661; x_wconf 87' lang='lat' dir='ltr'>has</span> <span class='ocrx_word' id='word_1_168' title='bbox 282 1626 432 1662; x_wconf 86' lang='lat' dir='ltr'>become</span> <span class='ocrx_word' id='word_1_169' title='bbox 448 1640 534 1662; x_wconf 69' lang='lat' dir='ltr'>ozam</span> <span class='ocrx_word' id='word_1_170' title='bbox 552 1629 695 1674; x_wconf 60' lang='lat' dir='ltr'>quidem</span> <span class='ocrx_word' id='word_1_171' title='bbox 712 1629 749 1662; x_wconf 91' lang='lat' dir='ltr'>in</span> <span class='ocrx_word' id='word_1_172' title='bbox 771 1630 821 1673; x_wconf 76' lang='lat' dir='ltr'>O.)</span> <span class='ocrx_word' id='word_1_173' title='bbox 967 1630 1056 1665; x_wconf 84' lang='lat' dir='ltr'>Nisi</span> <span class='ocrx_word' id='word_1_174' title='bbox 1074 1630 1188 1672; x_wconf 83' lang='lat' dir='ltr'>quod.</span> <span class='ocrx_word' id='word_1_175' title='bbox 1241 1630 1309 1664; x_wconf 83' lang='lat' dir='ltr'>See</span> <span class='ocrx_word' id='word_1_176' title='bbox 1326 1633 1412 1664; x_wconf 89' lang='lat' dir='ltr'>note</span> <span class='ocrx_word' id='word_1_177' title='bbox 1429 1642 1476 1664; x_wconf 90' lang='lat' dir='ltr'>on</span> <span class='ocrx_word' id='word_1_178' title='bbox 1494 1642 1525 1664; x_wconf 88' lang='lat' dir='ltr'>V.</span> <span class='ocrx_word' id='word_1_179' title='bbox 1545 1632 1623 1664; x_wconf 78' lang='lat'><strong>621.</strong></span> 
     </span>
    </p>

    <p class='ocr_par' dir='ltr' id='par_1_11' title="bbox 199 1687 1740 1841">
     <span class='ocr_line' id='line_1_23' title="bbox 270 1687 1740 1733; baseline 0.001 -13"><span class='ocrx_word' id='word_1_180' title='bbox 270 1688 347 1721; x_wconf 82' lang='lat'><strong>395.</strong></span> <span class='ocrx_word' id='word_1_181' title='bbox 400 1687 497 1723; x_wconf 84' lang='lat' dir='ltr'>Cum</span> <span class='ocrx_word' id='word_1_182' title='bbox 526 1687 599 1724; x_wconf 81' lang='grc'>1100</span> <span class='ocrx_word' id='word_1_183' title='bbox 628 1688 718 1722; x_wconf 85' lang='lat' dir='ltr'>with</span> <span class='ocrx_word' id='word_1_184' title='bbox 750 1688 887 1722; x_wconf 86' lang='lat' dir='ltr'>Hiatus</span> <span class='ocrx_word' id='word_1_185' title='bbox 914 1690 988 1733; x_wconf 85' lang='lat' dir='ltr'>(see</span> <span class='ocrx_word' id='word_1_186' title='bbox 1017 1692 1104 1723; x_wconf 88' lang='lat' dir='ltr'>note</span> <span class='ocrx_word' id='word_1_187' title='bbox 1132 1701 1179 1722; x_wconf 92' lang='lat' dir='ltr'>on</span> <span class='ocrx_word' id='word_1_188' title='bbox 1207 1701 1238 1723; x_wconf 82' lang='lat' dir='ltr'>v.</span> <span class='ocrx_word' id='word_1_189' title='bbox 1268 1690 1337 1732; x_wconf 76' lang='lat'>24).</span> <span class='ocrx_word' id='word_1_190' title='bbox 1399 1688 1517 1722; x_wconf 87' lang='lat' dir='ltr'>There</span> <span class='ocrx_word' id='word_1_191' title='bbox 1545 1700 1663 1723; x_wconf 86' lang='lat' dir='ltr'>seems</span> <span class='ocrx_word' id='word_1_192' title='bbox 1692 1700 1740 1722; x_wconf 87' lang='lat' dir='ltr'>no</span> 
     </span>
     <span class='ocr_line' id='line_1_24' title="bbox 199 1745 1740 1793; baseline 0.001 -14"><span class='ocrx_word' id='word_1_193' title='bbox 199 1745 291 1780; x_wconf 89' lang='lat' dir='ltr'>need</span> <span class='ocrx_word' id='word_1_194' title='bbox 316 1748 355 1780; x_wconf 91' lang='lat' dir='ltr'>to</span> <span class='ocrx_word' id='word_1_195' title='bbox 380 1749 572 1791; x_wconf 73' lang='lat' dir='ltr'>transpose</span> <span class='ocrx_word' id='word_1_196' title='bbox 597 1759 677 1781; x_wconf 77' lang='lat' dir='ltr'>eum</span> <span class='ocrx_word' id='word_1_197' title='bbox 701 1748 763 1782; x_wconf 76' lang='grc' dir='ltr'>Ιιοο</span> <span class='ocrx_word' id='word_1_198' title='bbox 785 1748 876 1782; x_wconf 67' lang='lat' dir='ltr'>milti</span> <span class='ocrx_word' id='word_1_199' title='bbox 899 1760 940 1782; x_wconf 90' lang='lat' dir='ltr'>or</span> <span class='ocrx_word' id='word_1_200' title='bbox 964 1751 1003 1782; x_wconf 88' lang='lat' dir='ltr'>to</span> <span class='ocrx_word' id='word_1_201' title='bbox 1028 1748 1142 1793; x_wconf 80' lang='lat' dir='ltr'>adopt</span> <span class='ocrx_word' id='word_1_202' title='bbox 1167 1748 1231 1782; x_wconf 89' lang='lat' dir='ltr'>the</span> <span class='ocrx_word' id='word_1_203' title='bbox 1256 1748 1466 1792; x_wconf 70' lang='lat' dir='ltr'>suggestion</span> <span class='ocrx_word' id='word_1_204' title='bbox 1489 1747 1530 1781; x_wconf 88' lang='lat' dir='ltr'>of</span> <span class='ocrx_word' id='word_1_205' title='bbox 1551 1748 1639 1781; x_wconf 75' lang='lat' dir='ltr'>Brix</span> <span class='ocrx_word' id='word_1_206' title='bbox 1661 1759 1740 1782; x_wconf 81' lang='lat' dir='ltr'>cum</span> 
     </span>
     <span class='ocr_line' id='line_1_25' title="bbox 199 1803 441 1841; baseline 0 -3"><span class='ocrx_word' id='word_1_207' title='bbox 199 1804 260 1838; x_wconf 74' lang='lat' dir='ltr'>lzoc</span> <span class='ocrx_word' id='word_1_208' title='bbox 282 1803 441 1841; x_wconf 74' lang='grc' dir='ltr'>&lt;Ιιοο&gt;.</span> 
     </span>
    </p>

    <p class='ocr_par' dir='ltr' id='par_1_12' title="bbox 198 1863 1743 2027">
     <span class='ocr_line' id='line_1_26' title="bbox 269 1863 1743 1911; baseline 0.001 -14"><span class='ocrx_word' id='word_1_209' title='bbox 269 1865 347 1897; x_wconf 86' lang='grc'><strong>396.</strong></span> <span class='ocrx_word' id='word_1_210' title='bbox 400 1863 467 1897; x_wconf 85' lang='lat' dir='ltr'>See</span> <span class='ocrx_word' id='word_1_211' title='bbox 496 1866 583 1898; x_wconf 90' lang='lat' dir='ltr'>note</span> <span class='ocrx_word' id='word_1_212' title='bbox 612 1875 659 1897; x_wconf 88' lang='lat' dir='ltr'>on</span> <span class='ocrx_word' id='word_1_213' title='bbox 686 1876 717 1898; x_wconf 83' lang='lat' dir='ltr'>v.</span> <span class='ocrx_word' id='word_1_214' title='bbox 749 1866 811 1899; x_wconf 87' lang='lat'>191</span> <span class='ocrx_word' id='word_1_215' title='bbox 842 1877 1026 1898; x_wconf 78' lang='lat' dir='ltr'>memorem</span> <span class='ocrx_word' id='word_1_216' title='bbox 1055 1877 1179 1899; x_wconf 77' lang='lat' dir='ltr'>mones.</span> <span class='ocrx_word' id='word_1_217' title='bbox 1323 1865 1452 1901; x_wconf 83' lang='lat' dir='ltr'>Mera.</span> <span class='ocrx_word' id='word_1_218' title='bbox 1503 1863 1551 1898; x_wconf 84' lang='lat' dir='ltr'>So</span> <span class='ocrx_word' id='word_1_219' title='bbox 1579 1865 1743 1911; x_wconf 64' lang='lat' dir='ltr'>segnities</span> 
     </span>
     <span class='ocr_line' id='line_1_27' title="bbox 198 1922 1741 1969; baseline 0.002 -13"><span class='ocrx_word' id='word_1_220' title='bbox 198 1933 297 1956; x_wconf 80' lang='lat' dir='ltr'>mera</span> <span class='ocrx_word' id='word_1_221' title='bbox 315 1922 413 1956; x_wconf 86' lang='lat' dir='ltr'>Trin.</span> <span class='ocrx_word' id='word_1_222' title='bbox 431 1924 497 1957; x_wconf 81' lang='lat'>795</span> <span class='ocrx_word' id='word_1_223' title='bbox 517 1923 571 1967; x_wconf 69' lang='lat' dir='ltr'>(in</span> <span class='ocrx_word' id='word_1_224' title='bbox 588 1922 695 1957; x_wconf 64' lang='lat' dir='ltr'>huius</span> <span class='ocrx_word' id='word_1_225' title='bbox 711 1924 811 1958; x_wconf 70' lang='lat' dir='ltr'>modi</span> <span class='ocrx_word' id='word_1_226' title='bbox 826 1924 965 1969; x_wconf 67' lang='lat' dir='ltr'>ozeyotz&#39;o</span> <span class='ocrx_word' id='word_1_227' title='bbox 983 1924 1089 1958; x_wconf 74' lang='lat' dir='ltr'>Diem</span> <span class='ocrx_word' id='word_1_228' title='bbox 1105 1936 1260 1958; x_wconf 72' lang='lat' dir='ltr'>sermone</span> <span class='ocrx_word' id='word_1_229' title='bbox 1277 1929 1383 1957; x_wconf 77' lang='lat' dir='ltr'>terere</span> <span class='ocrx_word' id='word_1_230' title='bbox 1398 1923 1561 1968; x_wconf 62' lang='lat' dir='ltr'>segnities</span> <span class='ocrx_word' id='word_1_231' title='bbox 1577 1924 1719 1969; x_wconf 68' lang='lat' dir='ltr'>meo-ast)</span> <span class='ocrx_word' id='word_1_232' title='bbox 1733 1937 1741 1966; x_wconf 92' lang='lat'>;</span> 
     </span>
     <span class='ocr_line' id='line_1_28' title="bbox 199 1980 1678 2027; baseline 0.001 -13"><span class='ocrx_word' id='word_1_233' title='bbox 199 1992 318 2027; x_wconf 64' lang='lat' dir='ltr'>meyde</span> <span class='ocrx_word' id='word_1_234' title='bbox 334 1993 450 2015; x_wconf 76' lang='lat' dir='ltr'>merae</span> <span class='ocrx_word' id='word_1_235' title='bbox 468 1980 572 2015; x_wconf 83' lang='lat' dir='ltr'>Cure.</span> <span class='ocrx_word' id='word_1_236' title='bbox 595 1984 671 2024; x_wconf 89' lang='grc'>199,</span> <span class='ocrx_word' id='word_1_237' title='bbox 691 1981 797 2016; x_wconf 76' lang='lat' dir='ltr'>Poen.</span> <span class='ocrx_word' id='word_1_238' title='bbox 817 1984 905 2023; x_wconf 72' lang='lat'>348;</span> <span class='ocrx_word' id='word_1_239' title='bbox 932 1982 1106 2016; x_wconf 71' lang='lat' dir='ltr'>damnum</span> <span class='ocrx_word' id='word_1_240' title='bbox 1125 1994 1260 2016; x_wconf 75' lang='lat' dir='ltr'>merum</span> <span class='ocrx_word' id='word_1_241' title='bbox 1277 1981 1381 2016; x_wconf 79' lang='lat' dir='ltr'>Cure.</span> <span class='ocrx_word' id='word_1_242' title='bbox 1401 1984 1456 2024; x_wconf 80' lang='lat'>49,</span> <span class='ocrx_word' id='word_1_243' title='bbox 1474 1981 1547 2016; x_wconf 83' lang='lat' dir='ltr'>and</span> <span class='ocrx_word' id='word_1_244' title='bbox 1565 1993 1605 2016; x_wconf 89' lang='lat' dir='ltr'>so</span> <span class='ocrx_word' id='word_1_245' title='bbox 1622 1993 1678 2016; x_wconf 93' lang='lat' dir='ltr'>on.</span> 
     </span>
    </p>

    <p class='ocr_par' dir='ltr' id='par_1_13' title="bbox 200 2039 1742 2202">
     <span class='ocr_line' id='line_1_29' title="bbox 269 2039 1742 2077; baseline 0.001 -4"><span class='ocrx_word' id='word_1_246' title='bbox 269 2041 347 2074; x_wconf 84' lang='lat'><strong>397.</strong></span> <span class='ocrx_word' id='word_1_247' title='bbox 399 2039 468 2076; x_wconf 70' lang='lat' dir='ltr'>Vt.</span> <span class='ocrx_word' id='word_1_248' title='bbox 518 2039 585 2073; x_wconf 84' lang='lat' dir='ltr'>See</span> <span class='ocrx_word' id='word_1_249' title='bbox 610 2042 697 2074; x_wconf 85' lang='lat' dir='ltr'>note</span> <span class='ocrx_word' id='word_1_250' title='bbox 722 2052 770 2074; x_wconf 89' lang='lat' dir='ltr'>on</span> <span class='ocrx_word' id='word_1_251' title='bbox 796 2052 828 2074; x_wconf 85' lang='lat' dir='ltr'>v.</span> <span class='ocrx_word' id='word_1_252' title='bbox 857 2042 934 2075; x_wconf 80' lang='lat'><strong>920.</strong></span> <span class='ocrx_word' id='word_1_253' title='bbox 1089 2040 1231 2077; x_wconf 85' lang='lat' dir='ltr'>Vicem</span> <span class='ocrx_word' id='word_1_254' title='bbox 1255 2040 1332 2074; x_wconf 83' lang='lat' dir='ltr'>also</span> <span class='ocrx_word' id='word_1_255' title='bbox 1357 2039 1463 2074; x_wconf 81' lang='lat' dir='ltr'>takes</span> <span class='ocrx_word' id='word_1_256' title='bbox 1487 2052 1509 2074; x_wconf 83' lang='lat' dir='ltr'>a</span> <span class='ocrx_word' id='word_1_257' title='bbox 1536 2040 1742 2075; x_wconf 88' lang='lat' dir='ltr'>Possessive</span> 
     </span>
     <span class='ocr_line' id='line_1_30' title="bbox 202 2097 1740 2143; baseline 0.001 -12"><span class='ocrx_word' id='word_1_258' title='bbox 202 2097 372 2131; x_wconf 84' lang='lat' dir='ltr'>Pronoun</span> <span class='ocrx_word' id='word_1_259' title='bbox 398 2097 436 2131; x_wconf 88' lang='lat' dir='ltr'>in</span> <span class='ocrx_word' id='word_1_260' title='bbox 467 2097 630 2140; x_wconf 79' lang='lat' dir='ltr'>Plautus,</span> <span class='ocrx_word' id='word_1_261' title='bbox 658 2109 721 2143; x_wconf 79' lang='lat' dir='ltr'>eg.</span> <span class='ocrx_word' id='word_1_262' title='bbox 749 2110 781 2132; x_wconf 73' lang='lat' dir='ltr'>v.</span> <span class='ocrx_word' id='word_1_263' title='bbox 809 2100 888 2140; x_wconf 76' lang='lat'>526,</span> <span class='ocrx_word' id='word_1_264' title='bbox 920 2098 1020 2132; x_wconf 74' lang='lat' dir='ltr'>True.</span> <span class='ocrx_word' id='word_1_265' title='bbox 1050 2101 1116 2131; x_wconf 75' lang='lat'>158</span> <span class='ocrx_word' id='word_1_266' title='bbox 1144 2104 1174 2132; x_wconf 77' lang='lat' dir='ltr'>et</span> <span class='ocrx_word' id='word_1_267' title='bbox 1199 2104 1356 2132; x_wconf 74' lang='lat' dir='ltr'>nostram</span> <span class='ocrx_word' id='word_1_268' title='bbox 1386 2104 1416 2132; x_wconf 76' lang='lat' dir='ltr'>et</span> <span class='ocrx_word' id='word_1_269' title='bbox 1444 2098 1590 2133; x_wconf 76' lang='lat' dir='ltr'>illorum</span> <span class='ocrx_word' id='word_1_270' title='bbox 1618 2099 1740 2134; x_wconf 73' lang='lat' dir='ltr'>uicem.</span> 
     </span>
     <span class='ocr_line' id='line_1_31' title="bbox 200 2155 1119 2202; baseline 0.002 -14"><span class='ocrx_word' id='word_1_271' title='bbox 200 2155 275 2189; x_wconf 86' lang='lat' dir='ltr'>But</span> <span class='ocrx_word' id='word_1_272' title='bbox 292 2155 396 2189; x_wconf 86' lang='lat' dir='ltr'>there</span> <span class='ocrx_word' id='word_1_273' title='bbox 414 2156 445 2189; x_wconf 84' lang='lat' dir='ltr'>is</span> <span class='ocrx_word' id='word_1_274' title='bbox 462 2168 509 2190; x_wconf 90' lang='lat' dir='ltr'>no</span> <span class='ocrx_word' id='word_1_275' title='bbox 527 2156 618 2190; x_wconf 87' lang='lat' dir='ltr'>need</span> <span class='ocrx_word' id='word_1_276' title='bbox 635 2160 674 2191; x_wconf 91' lang='lat' dir='ltr'>to</span> <span class='ocrx_word' id='word_1_277' title='bbox 692 2156 831 2202; x_wconf 80' lang='lat' dir='ltr'>change</span> <span class='ocrx_word' id='word_1_278' title='bbox 848 2163 1007 2191; x_wconf 69' lang='lat' dir='ltr'>nostrum</span> <span class='ocrx_word' id='word_1_279' title='bbox 1025 2156 1119 2190; x_wconf 91' lang='lat' dir='ltr'>here.</span> 
     </span>
    </p>

    <p class='ocr_par' dir='ltr' id='par_1_14' title="bbox 198 2214 1742 2378">
     <span class='ocr_line' id='line_1_32' title="bbox 270 2214 1740 2262; baseline 0.001 -14"><span class='ocrx_word' id='word_1_280' title='bbox 270 2215 347 2248; x_wconf 80' lang='lat'><strong>398.</strong></span> <span class='ocrx_word' id='word_1_281' title='bbox 399 2214 498 2251; x_wconf 78' lang='lat' dir='ltr'>Pote</span> <span class='ocrx_word' id='word_1_282' title='bbox 524 2216 555 2249; x_wconf 84' lang='lat' dir='ltr'>is</span> <span class='ocrx_word' id='word_1_283' title='bbox 578 2216 748 2261; x_wconf 84' lang='lat' dir='ltr'>properly</span> <span class='ocrx_word' id='word_1_284' title='bbox 766 2215 830 2250; x_wconf 85' lang='lat' dir='ltr'>the</span> <span class='ocrx_word' id='word_1_285' title='bbox 854 2216 995 2250; x_wconf 89' lang='lat' dir='ltr'>Neuter</span> <span class='ocrx_word' id='word_1_286' title='bbox 1017 2216 1057 2250; x_wconf 91' lang='lat' dir='ltr'>of</span> <span class='ocrx_word' id='word_1_287' title='bbox 1072 2215 1180 2261; x_wconf 73' lang='lat' dir='ltr'>potis,</span> <span class='ocrx_word' id='word_1_288' title='bbox 1200 2226 1262 2259; x_wconf 78' lang='lat' dir='ltr'>eg.</span> <span class='ocrx_word' id='word_1_289' title='bbox 1285 2221 1369 2260; x_wconf 76' lang='lat' dir='ltr'>pote</span> <span class='ocrx_word' id='word_1_290' title='bbox 1392 2221 1440 2249; x_wconf 79' lang='lat' dir='ltr'>est</span> <span class='ocrx_word' id='word_1_291' title='bbox 1461 2215 1578 2259; x_wconf 84' lang='lat' dir='ltr'>(class.</span> <span class='ocrx_word' id='word_1_292' title='bbox 1605 2216 1740 2262; x_wconf 78' lang='lat' dir='ltr'>potest),</span> 
     </span>
     <span class='ocr_line' id='line_1_33' title="bbox 200 2272 1742 2319; baseline 0.001 -13"><span class='ocrx_word' id='word_1_293' title='bbox 200 2272 250 2306; x_wconf 90' lang='lat' dir='ltr'>‘it</span> <span class='ocrx_word' id='word_1_294' title='bbox 267 2272 299 2306; x_wconf 87' lang='lat' dir='ltr'>is</span> <span class='ocrx_word' id='word_1_295' title='bbox 316 2272 495 2317; x_wconf 87' lang='lat' dir='ltr'>possible,’</span> <span class='ocrx_word' id='word_1_296' title='bbox 513 2274 614 2308; x_wconf 86' lang='lat' dir='ltr'>often</span> <span class='ocrx_word' id='word_1_297' title='bbox 633 2274 722 2309; x_wconf 88' lang='lat' dir='ltr'>used</span> <span class='ocrx_word' id='word_1_298' title='bbox 739 2274 896 2308; x_wconf 82' lang='lat' dir='ltr'>without</span> <span class='ocrx_word' id='word_1_299' title='bbox 913 2274 977 2308; x_wconf 85' lang='lat' dir='ltr'>the</span> <span class='ocrx_word' id='word_1_300' title='bbox 995 2273 1235 2308; x_wconf 81' lang='lat' dir='ltr'>Substantive</span> <span class='ocrx_word' id='word_1_301' title='bbox 1252 2273 1360 2307; x_wconf 81' lang='lat' dir='ltr'>Verb.</span> <span class='ocrx_word' id='word_1_302' title='bbox 1412 2273 1522 2307; x_wconf 88' lang='lat' dir='ltr'>From</span> <span class='ocrx_word' id='word_1_303' title='bbox 1539 2273 1616 2308; x_wconf 88' lang='lat' dir='ltr'>this</span> <span class='ocrx_word' id='word_1_304' title='bbox 1632 2285 1742 2319; x_wconf 81' lang='lat' dir='ltr'>usage</span> 
     </span>
     <span class='ocr_line' id='line_1_34' title="bbox 198 2330 1541 2378; baseline 0.001 -14"><span class='ocrx_word' id='word_1_305' title='bbox 198 2342 301 2365; x_wconf 80' lang='lat' dir='ltr'>arose</span> <span class='ocrx_word' id='word_1_306' title='bbox 319 2330 383 2365; x_wconf 86' lang='lat' dir='ltr'>the</span> <span class='ocrx_word' id='word_1_307' title='bbox 399 2330 532 2376; x_wconf 84' lang='lat' dir='ltr'>phrase</span> <span class='ocrx_word' id='word_1_308' title='bbox 549 2339 588 2366; x_wconf 74' lang='lat' dir='ltr'>ut</span> <span class='ocrx_word' id='word_1_309' title='bbox 602 2339 695 2378; x_wconf 70' lang='lat' dir='ltr'>pote,</span> <span class='ocrx_word' id='word_1_310' title='bbox 714 2333 766 2367; x_wconf 89' lang='lat' dir='ltr'>lit.</span> <span class='ocrx_word' id='word_1_311' title='bbox 789 2335 848 2367; x_wconf 82' lang='lat' dir='ltr'>‘as</span> <span class='ocrx_word' id='word_1_312' title='bbox 866 2333 936 2377; x_wconf 83' lang='lat' dir='ltr'>(far</span> <span class='ocrx_word' id='word_1_313' title='bbox 953 2334 1007 2376; x_wconf 80' lang='lat' dir='ltr'>as)</span> <span class='ocrx_word' id='word_1_314' title='bbox 1026 2333 1057 2367; x_wconf 86' lang='lat' dir='ltr'>is</span> <span class='ocrx_word' id='word_1_315' title='bbox 1074 2332 1252 2378; x_wconf 82' lang='lat' dir='ltr'>possible,&#39;</span> <span class='ocrx_word' id='word_1_316' title='bbox 1270 2344 1333 2377; x_wconf 81' lang='lat' dir='ltr'>eg.</span> <span class='ocrx_word' id='word_1_317' title='bbox 1354 2332 1433 2366; x_wconf 60' lang='lat' dir='ltr'>Mil.</span> <span class='ocrx_word' id='word_1_318' title='bbox 1454 2334 1541 2366; x_wconf 79' lang='lat'>529:</span> 
     </span>
    </p>

    <p class='ocr_par' dir='ltr' id='par_1_15' title="bbox 387 2401 1598 2563">
     <span class='ocr_line' id='line_1_35' title="bbox 389 2401 1230 2446; baseline 0.002 -12"><span class='ocrx_word' id='word_1_319' title='bbox 389 2401 457 2435; x_wconf 90' lang='lat' dir='ltr'>Pro</span> <span class='ocrx_word' id='word_1_320' title='bbox 483 2401 519 2435; x_wconf 91' lang='lat' dir='ltr'>di</span> <span class='ocrx_word' id='word_1_321' title='bbox 546 2402 770 2446; x_wconf 86' lang='lat' dir='ltr'>inmortales,</span> <span class='ocrx_word' id='word_1_322' title='bbox 798 2403 1012 2437; x_wconf 87' lang='lat' dir='ltr'>similiorem</span> <span class='ocrx_word' id='word_1_323' title='bbox 1038 2403 1230 2437; x_wconf 86' lang='lat' dir='ltr'>mulierem</span> 
     </span>
     <span class='ocr_line' id='line_1_36' title="bbox 387 2459 1598 2506; baseline 0.002 -14"><span class='ocrx_word' id='word_1_324' title='bbox 387 2459 578 2504; x_wconf 74' lang='lat' dir='ltr'>Magisque</span> <span class='ocrx_word' id='word_1_325' title='bbox 603 2461 757 2495; x_wconf 82' lang='lat' dir='ltr'>eandem</span> <span class='ocrx_word' id='word_1_326' title='bbox 782 2464 825 2495; x_wconf 82' lang='lat' dir='ltr'>ut</span> <span class='ocrx_word' id='word_1_327' title='bbox 850 2461 937 2506; x_wconf 69' lang='lat' dir='ltr'>pete</span> <span class='ocrx_word' id='word_1_328' title='bbox 961 2472 1056 2505; x_wconf 78' lang='lat' dir='ltr'>quae</span> <span class='ocrx_word' id='word_1_329' title='bbox 1080 2472 1154 2494; x_wconf 87' lang='lat' dir='ltr'>non</span> <span class='ocrx_word' id='word_1_330' title='bbox 1179 2461 1228 2494; x_wconf 89' lang='lat' dir='ltr'>sit</span> <span class='ocrx_word' id='word_1_331' title='bbox 1254 2459 1391 2503; x_wconf 78' lang='lat' dir='ltr'>eadem,</span> <span class='ocrx_word' id='word_1_332' title='bbox 1418 2472 1491 2495; x_wconf 89' lang='lat' dir='ltr'>non</span> <span class='ocrx_word' id='word_1_333' title='bbox 1517 2471 1598 2494; x_wconf 86' lang='lat' dir='ltr'>reor</span> 
     </span>
     <span class='ocr_line' id='line_1_37' title="bbox 388 2517 767 2563; baseline 0.005 -13"><span class='ocrx_word' id='word_1_334' title='bbox 388 2517 484 2551; x_wconf 82' lang='lat' dir='ltr'>Deos</span> <span class='ocrx_word' id='word_1_335' title='bbox 509 2518 626 2552; x_wconf 78' lang='lat' dir='ltr'>facere</span> <span class='ocrx_word' id='word_1_336' title='bbox 652 2530 767 2563; x_wconf 85' lang='lat' dir='ltr'>posse,</span> 
     </span>
    </p>
   </div>
   <div class='ocr_carea' id='block_1_7' title="bbox 192 2585 1743 2863">
    <p class='ocr_par' dir='ltr' id='par_1_16' title="bbox 192 2585 1743 2863">
     <span class='ocr_line' id='line_1_38' title="bbox 199 2585 1743 2633; baseline 0.001 -13"><span class='ocrx_word' id='word_1_337' title='bbox 199 2585 346 2620; x_wconf 85' lang='lat' dir='ltr'>whence</span> <span class='ocrx_word' id='word_1_338' title='bbox 364 2586 401 2619; x_wconf 90' lang='lat' dir='ltr'>in</span> <span class='ocrx_word' id='word_1_339' title='bbox 419 2586 522 2620; x_wconf 79' lang='lat' dir='ltr'>class.</span> <span class='ocrx_word' id='word_1_340' title='bbox 545 2586 622 2620; x_wconf 81' lang='lat' dir='ltr'>Lat.</span> <span class='ocrx_word' id='word_1_341' title='bbox 643 2593 764 2633; x_wconf 74' lang='lat' dir='ltr'>utpote</span> <span class='ocrx_word' id='word_1_342' title='bbox 787 2587 861 2633; x_wconf 75' lang='lat' dir='ltr'>qui,</span> <span class='ocrx_word' id='word_1_343' title='bbox 881 2586 953 2620; x_wconf 88' lang='lat' dir='ltr'>like</span> <span class='ocrx_word' id='word_1_344' title='bbox 972 2587 1104 2633; x_wconf 73' lang='lat' dir='ltr'>quippe</span> <span class='ocrx_word' id='word_1_345' title='bbox 1127 2587 1198 2632; x_wconf 72' lang='lat' dir='ltr'>qui.</span> <span class='ocrx_word' id='word_1_346' title='bbox 1251 2586 1329 2620; x_wconf 89' lang='lat' dir='ltr'>The</span> <span class='ocrx_word' id='word_1_347' title='bbox 1346 2587 1615 2621; x_wconf 79' lang='lat' dir='ltr'>ante-classical</span> <span class='ocrx_word' id='word_1_348' title='bbox 1636 2587 1743 2633; x_wconf 73' lang='lat' dir='ltr'>potis,</span> 
     </span>
     <span class='ocr_line' id='line_1_39' title="bbox 192 2644 1743 2691; baseline 0.001 -13"><span class='ocrx_word' id='word_1_349' title='bbox 192 2651 286 2691; x_wconf 77' lang='lat' dir='ltr'>pote,</span> <span class='ocrx_word' id='word_1_350' title='bbox 314 2644 424 2689; x_wconf 84' lang='lat' dir='ltr'>being</span> <span class='ocrx_word' id='word_1_351' title='bbox 453 2645 666 2679; x_wconf 73' lang='lat' dir='ltr'>unfamiliar</span> <span class='ocrx_word' id='word_1_352' title='bbox 697 2648 736 2679; x_wconf 89' lang='lat' dir='ltr'>to</span> <span class='ocrx_word' id='word_1_353' title='bbox 766 2645 911 2688; x_wconf 82' lang='lat' dir='ltr'>scribes,</span> <span class='ocrx_word' id='word_1_354' title='bbox 942 2645 1035 2679; x_wconf 83' lang='lat' dir='ltr'>have</span> <span class='ocrx_word' id='word_1_355' title='bbox 1068 2645 1168 2679; x_wconf 86' lang='lat' dir='ltr'>often</span> <span class='ocrx_word' id='word_1_356' title='bbox 1202 2644 1294 2679; x_wconf 89' lang='lat' dir='ltr'>been</span> <span class='ocrx_word' id='word_1_357' title='bbox 1327 2645 1491 2690; x_wconf 77' lang='lat' dir='ltr'>changed</span> <span class='ocrx_word' id='word_1_358' title='bbox 1524 2648 1563 2680; x_wconf 84' lang='lat' dir='ltr'>to</span> <span class='ocrx_word' id='word_1_359' title='bbox 1591 2657 1613 2679; x_wconf 85' lang='lat' dir='ltr'>a</span> <span class='ocrx_word' id='word_1_360' title='bbox 1641 2656 1743 2680; x_wconf 85' lang='lat' dir='ltr'>more</span> 
     </span>
     <span class='ocr_line' id='line_1_40' title="bbox 198 2702 1743 2749; baseline 0.001 -13"><span class='ocrx_word' id='word_1_361' title='bbox 198 2702 358 2736; x_wconf 76' lang='lat' dir='ltr'>familiar</span> <span class='ocrx_word' id='word_1_362' title='bbox 388 2702 484 2736; x_wconf 76' lang='lat' dir='ltr'>word</span> <span class='ocrx_word' id='word_1_363' title='bbox 515 2703 551 2736; x_wconf 88' lang='lat' dir='ltr'>in</span> <span class='ocrx_word' id='word_1_364' title='bbox 578 2715 645 2736; x_wconf 86' lang='lat' dir='ltr'>our</span> <span class='ocrx_word' id='word_1_365' title='bbox 675 2703 778 2737; x_wconf 75' lang='lat' dir='ltr'>Mss</span> <span class='ocrx_word' id='word_1_366' title='bbox 807 2704 880 2747; x_wconf 82' lang='lat' dir='ltr'>(see</span> <span class='ocrx_word' id='word_1_367' title='bbox 906 2706 992 2737; x_wconf 82' lang='lat' dir='ltr'>note</span> <span class='ocrx_word' id='word_1_368' title='bbox 1017 2714 1063 2736; x_wconf 89' lang='lat' dir='ltr'>on</span> <span class='ocrx_word' id='word_1_369' title='bbox 1091 2714 1121 2736; x_wconf 79' lang='lat' dir='ltr'>v.</span> <span class='ocrx_word' id='word_1_370' title='bbox 1150 2703 1219 2744; x_wconf 76' lang='lat'>89).</span> <span class='ocrx_word' id='word_1_371' title='bbox 1273 2702 1370 2737; x_wconf 85' lang='lat' dir='ltr'>Here</span> <span class='ocrx_word' id='word_1_372' title='bbox 1397 2710 1478 2749; x_wconf 71' lang='lat' dir='ltr'>pote</span> <span class='ocrx_word' id='word_1_373' title='bbox 1502 2703 1568 2737; x_wconf 78' lang='lat' dir='ltr'>has</span> <span class='ocrx_word' id='word_1_374' title='bbox 1593 2702 1743 2737; x_wconf 88' lang='lat' dir='ltr'>become</span> 
     </span>
     <span class='ocr_line' id='line_1_41' title="bbox 194 2759 1742 2806; baseline 0 -12"><span class='ocrx_word' id='word_1_375' title='bbox 194 2761 336 2806; x_wconf 73' lang='lat' dir='ltr'>poteris.</span> <span class='ocrx_word' id='word_1_376' title='bbox 482 2760 666 2802; x_wconf 81' lang='lat' dir='ltr'>Vtrique.</span> <span class='ocrx_word' id='word_1_377' title='bbox 716 2760 763 2794; x_wconf 75' lang='lat' dir='ltr'>ln</span> <span class='ocrx_word' id='word_1_378' title='bbox 790 2772 861 2794; x_wconf 76' lang='lat' dir='ltr'>rem</span> <span class='ocrx_word' id='word_1_379' title='bbox 890 2761 920 2794; x_wconf 82' lang='lat' dir='ltr'>is</span> <span class='ocrx_word' id='word_1_380' title='bbox 944 2760 1071 2805; x_wconf 82' lang='lat' dir='ltr'>joined</span> <span class='ocrx_word' id='word_1_381' title='bbox 1098 2762 1137 2794; x_wconf 85' lang='lat' dir='ltr'>to</span> <span class='ocrx_word' id='word_1_382' title='bbox 1165 2759 1228 2794; x_wconf 86' lang='lat' dir='ltr'>the</span> <span class='ocrx_word' id='word_1_383' title='bbox 1254 2760 1425 2795; x_wconf 77' lang='lat' dir='ltr'>Genitive</span> <span class='ocrx_word' id='word_1_384' title='bbox 1455 2761 1495 2794; x_wconf 89' lang='lat' dir='ltr'>of</span> <span class='ocrx_word' id='word_1_385' title='bbox 1516 2773 1538 2794; x_wconf 83' lang='lat' dir='ltr'>a</span> <span class='ocrx_word' id='word_1_386' title='bbox 1564 2760 1674 2794; x_wconf 89' lang='lat' dir='ltr'>Noun</span> <span class='ocrx_word' id='word_1_387' title='bbox 1704 2761 1742 2795; x_wconf 91' lang='lat' dir='ltr'>in</span> 
     </span>
     <span class='ocr_line' id='line_1_42' title="bbox 200 2818 1743 2863; baseline 0.001 -11"><span class='ocrx_word' id='word_1_388' title='bbox 200 2819 354 2853; x_wconf 80' lang='lat' dir='ltr'>Plautus</span> <span class='ocrx_word' id='word_1_389' title='bbox 373 2819 483 2863; x_wconf 77' lang='lat' dir='ltr'>(Pers.</span> <span class='ocrx_word' id='word_1_390' title='bbox 504 2821 572 2852; x_wconf 73' lang='lat'>342</span> <span class='ocrx_word' id='word_1_391' title='bbox 597 2819 636 2852; x_wconf 73' lang='lat' dir='ltr'>in</span> <span class='ocrx_word' id='word_1_392' title='bbox 659 2819 795 2853; x_wconf 74' lang='lat' dir='ltr'>uentris</span> <span class='ocrx_word' id='word_1_393' title='bbox 817 2831 888 2852; x_wconf 81' lang='lat' dir='ltr'>rem</span> <span class='ocrx_word' id='word_1_394' title='bbox 913 2819 1109 2862; x_wconf 46' lang='lat' dir='ltr'>uidelnlw)</span> <span class='ocrx_word' id='word_1_395' title='bbox 1127 2818 1198 2852; x_wconf 73' lang='lat' dir='ltr'>and</span> <span class='ocrx_word' id='word_1_396' title='bbox 1224 2819 1383 2853; x_wconf 79' lang='lat' dir='ltr'>Terence</span> <span class='ocrx_word' id='word_1_397' title='bbox 1401 2819 1500 2863; x_wconf 58' lang='grc' dir='ltr'><strong>(Πρω.</strong></span> <span class='ocrx_word' id='word_1_398' title='bbox 1525 2822 1589 2853; x_wconf 77' lang='lat'>102</span> <span class='ocrx_word' id='word_1_399' title='bbox 1608 2820 1648 2853; x_wconf 72' lang='lat' dir='ltr'>in</span> <span class='ocrx_word' id='word_1_400' title='bbox 1670 2831 1743 2854; x_wconf 76' lang='lat' dir='ltr'>rem</span> 
     </span>
    </p>
   </div>
  </div>
 </body>
</html>
