1888 3169
271 165 353 205 186
849 175 1013 205 PLAVTI
1044 175 1240 207 CAPT1vr.
1607 165 1811 220 [255—259

271 278 402 326 HEG.
452 278 550 338 Qui
587 287 731 327 eauet
768 296 829 326 ne
866 278 1155 342 decipiatur,
1195 279 1282 327 uix
1318 287 1475 337 cauet,
1512 298 1623 328 oum
1659 280 1811 327 etiam

405 364 550 406 eauet
569 377 579 414 ;
1744 374 1812 405 255

271 435 439 483 Etiam
464 455 571 484 eum
600 437 787 485 cauisse
811 443 950 484 ratus
974 443 1065 494 est,
1088 455 1232 502 saepe
1259 437 1300 485 is
1320 443 1493 485 cautor
1517 443 1693 501 captus
1718 443 1808 485 est.

270 514 353 562 An
389 533 506 564 uero
542 534 641 563 non
676 515 809 564 iusta
845 534 990 564 causa
1026 523 1117 574 est,
1156 523 1214 564 ut
1251 534 1337 564 uos
1374 534 1565 564 seruem
1602 516 1788 574 sedulo,

271 593 407 653 Quos
441 601 547 643 tam
582 595 760 660 grandi
795 595 886 642 sim
922 602 1168 644 mercatus
1201 596 1450 660 praesenti
1485 596 1729 660 pecunia?

268 672 417 720 PHIL.
470 673 644 738 Neque
681 673 760 737 pol
795 673 890 721 tibi
926 692 1027 732 nos,
1064 674 1180 739 quia
1211 692 1300 722 nos
1334 692 1515 731 seruas,
1552 680 1814 739 aequomst

405 752 530 801 uitio
567 759 778 810 uortere,

336 891 410 921 255.
456 892 553 922 meJ
654 891 726 923 256.
776 891 881 923 etiam
909 902 980 923 eam
1010 897 1097 932 spat.
1129 894 1206 924 im't.
1239 893 1303 924 BD
1434 894 1533 924 ratus
1564 903 1605 924 ex
1635 896 1755 933 raptus
1790 894 1820 925 V

271 951 350 982 sepe
376 943 455 973 libri
545 945 666 983 captus
693 954 731 974 ex
757 945 878 974 cautus
906 945 935 975 V
1065 944 1141 976 257.
1188 953 1321 975 seruem
1344 943 1481 976 B3V2J:
1519 945 1630 975 seruet
1653 944 1815 976 BlDV¹E

271 993 345 1024 258.
393 993 535 1033 grandis
572 994 637 1024 sim
675 996 846 1026 mercatus
877 994 920 1025 Β1
954 996 1049 1036 (corr.
1081 995 1184 1037 ra8.):
1224 994 1364 1035 grandis
1395 995 1607 1026 inmercatus
1641 995 1685 1027 Vl
1718 995 1815 1038 (corr.

275 1043 332 1086 V2)
360 1045 392 1075 E
470 1045 620 1084 presenti
643 1046 727 1076 BD:
760 1046 910 1085 presenti
934 1057 973 1077 ea:
998 1047 1172 1086 presentia
1204 1047 1249 1078 V:
1282 1047 1476 1086 praesentia
1507 1048 1558 1079 E:
1594 1046 1768 1086 presentia
1792 1047 1819 1077 J

271 1097 345 1129 259.
393 1106 538 1136 aequom
563 1099 614 1128 est
638 1097 725 1128 uitio
751 1098 982 1129 Camerarius:
1010 1101 1097 1137 eqfio
1123 1098 1246 1130 stulcio
1267 1098 1310 1129 Bl
1337 1098 1433 1140 (corr.
1457 1098 1561 1130 stulte
1581 1097 1659 1141 B³):
1693 1108 1816 1138 equom

271 1147 394 1179 stuleio
406 1148 456 1180 D:
482 1158 606 1188 equom
622 1149 743 1180 stultio
764 1148 809 1180 V1
828 1149 923 1190 (corr.
942 1159 1040 1181 eoum
1060 1151 1090 1181 V
1093 1149 1118 1192 2)
1136 1151 1196 1181 EJ
1305 1152 1438 1181 uertere
1462 1151 1550 1182 VEJ

271 1259 361 1293 with
386 1271 424 1293 oe
446 1259 513 1294 has
538 1259 631 1294 been
653 1261 820 1295 retained
842 1261 881 1295 in
905 1261 954 1295 all
979 1273 1047 1295 our
1072 1261 1176 1295 Mss.
1197 1261 1235 1294 in
1260 1260 1337 1295 this
1359 1260 1442 1303 line,
1460 1259 1603 1305 though
1626 1271 1648 1293 a
1671 1258 1817 1293 seribe's

271 1318 378 1352 usual
406 1319 589 1365 tendency
614 1331 688 1354 was
712 1323 751 1354 to
783 1320 1017 1355 ‘modernize'
1045 1332 1082 1354 oe
1106 1323 1146 1354 to
1175 1332 1209 1363 u,
1237 1331 1286 1363 or,
1314 1320 1345 1353 if
1373 1319 1420 1353 he
1449 1319 1513 1353 did
1542 1321 1608 1353 not
1632 1318 1817 1363 recognize

270 1376 335 1411 the
359 1377 468 1420 word,
495 1380 534 1412 to
560 1379 664 1413 write
689 1391 708 1413 o
734 1379 790 1413 for
817 1391 862 1414 oe.
916 1379 961 1413 In
992 1379 1093 1414 Truc.
1124 1381 1190 1413 102
1216 1390 1284 1413 our
1308 1378 1390 1412 best
1415 1377 1620 1412 minuscule
1646 1376 1722 1411 MS.
1750 1376 1818 1410 has

270 1436 465 1481 preserved
482 1437 546 1471 the
563 1437 719 1483 spelling
736 1450 843 1472 oenus
859 1438 915 1472 for
932 1451 1035 1473 unus.

342 1497 419 1529 255.
473 1495 603 1530 Publil.
627 1496 742 1541 Syrus
768 1498 834 1530 116
853 1496 894 1530 R.
916 1496 1019 1531 Caret
1038 1496 1175 1542 periclo
1199 1495 1264 1542 qui
1285 1495 1394 1530 etiam
1417 1506 1495 1529 eum
1519 1500 1566 1529 est
1590 1500 1688 1529 tutus
1709 1499 1815 1528 cavet.

272 1552 379 1589 Cum.
431 1553 509 1588 The
526 1566 678 1600 passage
695 1555 790 1589 from
808 1555 872 1589 the
889 1567 994 1589 sense
1012 1555 1052 1589 of
1075 1557 1083 1573 ‘
1094 1555 1218 1588 when'
1237 1557 1275 1588 to
1293 1554 1357 1588 the
1374 1565 1479 1588 sense
1497 1553 1538 1587 of
1553 1552 1767 1598 ‘although'
1786 1553 1818 1586 is

271 1611 480 1646 illustrated
506 1612 555 1658 by
572 1613 649 1647 this
674 1614 756 1648 line.
809 1613 862 1649 Of.
883 1614 1010 1648 Bacch.
1033 1617 1122 1648 1005
1146 1613 1214 1648 Sat
1239 1613 1287 1647 sic
1310 1618 1487 1658 suspectus
1510 1623 1597 1655 sum,
1616 1623 1695 1646 cum
1718 1622 1817 1645 careo

271 1670 395 1713 noxia,
415 1670 498 1705 Aul.
518 1674 584 1706 113
602 1672 702 1706 Nam
720 1684 815 1706 nunc
832 1684 911 1706 eum
929 1672 999 1706 celo
1017 1672 1139 1706 sedulo
1157 1671 1280 1714 omnis,
1301 1683 1342 1705 ne
1358 1670 1485 1714 sciant,
1506 1670 1631 1704 Omnes
1647 1669 1818 1704 uidentur

271 1729 368 1763 seire.

344 1790 422 1823 256.
475 1787 640 1825 cauisse
658 1791 773 1825 ratus
791 1791 866 1826 est.
917 1789 984 1824 See
1001 1792 1088 1824 note
1105 1801 1152 1823 on
1170 1801 1201 1823 v.
1222 1791 1300 1824 365.
1414 1787 1565 1824 Cantor
1581 1788 1726 1829 eaptus
1743 1788 1816 1832 est,

272 1858 294 1881 a
318 1845 476 1892 proverb
494 1846 620 1892 (Epid.
641 1850 710 1882 359
734 1848 811 1882 iam
835 1848 910 1894 ipse
935 1855 1059 1883 cautor
1084 1854 1210 1895 captus
1235 1849 1307 1891 est),
1328 1846 1508 1893 probably
1524 1846 1564 1879 of
1584 1844 1677 1890 legal
1701 1845 1818 1889 origin

271 1907 398 1950 (caveo,
426 1907 465 1939 to
490 1905 572 1949 give
597 1906 781 1951 seourity).
834 1905 887 1940 Cf.
916 1906 988 1940 Cic.
1018 1906 1119 1940 Fam.
1148 1916 1214 1940 V11.
1243 1906 1287 1940 vi.
1317 1909 1338 1939 2
1365 1906 1418 1950 (to
1445 1903 1658 1947 Trebatius)
1686 1908 1726 1937 tu
1754 1903 1820 1949 qui

273 1963 392 1998 ceteris
408 1975 527 1997 cavere
549 1963 720 2007 didicisti,
739 1965 780 1999 in
803 1965 1004 2000 Bm'tcmm'a
1021 1977 1064 1999 ne
1086 1964 1133 1999 ab
1155 1964 1341 1999 essedariis
1360 1963 1554 2009 decipiaris
1576 1967 1703 2005 caveto,
1723 1961 1818 1996 Ovid

273 2023 316 2056 A.
337 2022 380 2055 A.
402 2031 424 2055 1.
446 2024 491 2055 83
515 2022 588 2056 Illo
612 2034 715 2068 saepe
738 2023 811 2057 loco
836 2024 981 2070 capitur
1004 2024 1184 2058 omasultus
1208 2024 1343 2066 Amori,
1365 2023 1500 2068 Quique
1523 2021 1609 2055 aliis
1631 2021 1723 2055 cavit
1745 2032 1818 2054 non

272 2086 369 2114 cavet
387 2080 461 2126 ipse
477 2080 554 2114 sibi.
591 2080 668 2115 The
685 2082 883 2126 repetition
903 2081 963 2116 ‘ad
981 2082 1170 2116 nauseam'
1185 2081 1226 2115 of
1239 2092 1340 2115 cccveo
1359 2081 1389 2114 is
1407 2080 1511 2125 quite
1528 2080 1566 2113 in
1583 2079 1647 2114 the
1663 2089 1818 2113 manner

273 2139 314 2174 of
327 2138 391 2173 the
408 2138 519 2183 Early
540 2138 649 2172 Latin
670 2139 810 2184 Poetry.
862 2139 915 2174 Of.
937 2140 1080 2174 Ennius
1097 2139 1173 2174 Sat.
1195 2140 1262 2173 inc.
1283 2141 1328 2172 84
1345 2150 1423 2183 sqq.
1446 2138 1515 2172 M.:

510 2208 608 2242 Nam
633 2209 697 2253 qui
723 2209 842 2254 lepide
867 2209 1032 2254 postulat
1056 2209 1214 2243 alterum
1240 2208 1420 2250 frustrari,

510 2266 627 2309 Quem
652 2266 854 2301 frustratur
878 2268 1016 2301 frustra
1041 2278 1125 2301 eum
1150 2266 1241 2301 dicit
1266 2277 1344 2300 esse
1369 2265 1515 2299 frustra.

510 2324 607 2358 Nam
633 2324 697 2368 qui
723 2336 761 2358 se
786 2325 994 2359 frustrarier
1019 2335 1196 2370 quemque
1221 2323 1358 2357 frustra
1384 2322 1508 2365 sentit,

510 2382 580 2425 Qui
606 2383 817 2426 frustratur,
844 2384 983 2417 frustra
1008 2383 1038 2417 is
1062 2386 1129 2425 est,
1156 2383 1186 2416 si
1213 2382 1273 2416 ille
1298 2393 1371 2415 non
1397 2383 1454 2415 est
1479 2381 1625 2415 frustra.

346 2455 423 2488 257.
474 2453 542 2489 An
560 2463 656 2490 uero
673 2464 753 2490 non
776 2454 887 2490 iusta
910 2464 1031 2490 causa
1054 2456 1118 2490 est
1142 2464 1264 2487 reem-s
1287 2453 1325 2486 in
1348 2452 1449 2486 l’oen.
1470 2453 1538 2485 533
1555 2443 1618 2484 Ᾱνι
1639 2462 1723 2484 uero
1745 2461 1818 2484 non

275 2513 371 2546 aista
395 2523 507 2545 causa
532 2517 589 2553 est,
609 2524 699 2557 quor
722 2518 890 2547 curratur
911 2512 1075 2555 celeriter,
1102 2512 1172 2546 Ubi
1193 2511 1301 2553 bibas,
1326 2511 1411 2544 edas
1433 2510 1476 2544 de
1498 2509 1617 2543 alieno
1642 2514 1817 2555 quantum

275 2570 365 2605 uelis
382 2581 491 2615 usque
509 2570 560 2603 <td
576 2569 720 2615 satim?
879 2571 948 2614 Vt,
967 2571 1023 2604 for
1045 2582 1117 2614 cur,
1135 2570 1230 2604 aster
1251 2581 1370 2603 causa.
1423 2568 1476 2603 Of.
1498 2568 1573 2601 Liv.
1594 2579 1624 2600 v.
1645 2569 1699 2600 55.
1720 2569 1740 2599 5
1759 2565 1817 2600 Ειι

275 2635 324 2664 est
341 2640 460 2670 causa,
479 2634 520 2662 ut
538 2634 662 2662 veteres
679 2629 828 2672 cloacae,
841 2628 963 2675 primo
974 2640 1042 2674 per
1054 2627 1241 2674 publicum
1258 2628 1394 2670 diaetae,
1409 2638 1504 2660 ocum*
1520 2625 1667 2671 privata
1680 2624 1817 2670 passim

276 2686 425 2722 subeant
443 2692 542 2720 tecta.

347 2747 423 2779 258.
477 2744 594 2788 Hegio
627 2743 700 2778 had
728 2743 810 2789 just
842 2754 944 2777 come
977 2743 1070 2777 from
1104 2755 1126 2777 a
1160 2743 1305 2788 perusal
1338 2742 1378 2776 of
1407 2742 1464 2775 his
1497 2739 1709 2775 bank-book
1742 2740 1813 2784 (vv.

281 2805 344 2837 192
362 2803 442 2847 sq.).

347 2862 424 2895 259.
475 2859 575 2903 Quia
594 2860 667 2903 (see
692 2862 778 2893 note
803 2870 849 2892 011
869 2870 898 2892 v.
922 2858 1012 2902 153).
1157 2857 1273 2894 Vitio
1296 2858 1458 2893 uorbere
1485 2856 1515 2889 is
1537 2867 1578 2889 as
1602 2866 1770 2890 common
1794 2866 1816 2889 a
