1888 3169
215 160 297 200 288
790 168 955 198 PLAVTI
988 168 1182 199 cAP'rlvl.
1553 158 1755 212 [744—751

213 272 339 320 Vale
375 279 527 337 atque
563 273 712 330 salue,
751 272 847 320 etsi
883 272 1029 320 aliter
1064 279 1123 320 ut
1158 273 1317 321 dicam
1355 291 1523 321 meres.

215 352 302 409 Tu,
340 351 740 416 Aristophontes,
781 352 842 399 de
878 370 956 399 me
992 358 1051 399 ut
1087 352 1326 408 meruisti,
1366 351 1439 399 ita
1473 352 1610 408 uale;
1691 364 1758 399 745

213 429 344 477 Nam
381 430 500 476 mihi
537 436 739 494 propter
774 436 827 477 te
863 430 954 477 hoc
990 430 1184 494 optigit.
1262 430 1392 477 ΗΕΘ.
1445 429 1709 477 Abducite.

214 509 378 556 TYND.
421 509 494 556 At
519 527 671 556 unum
698 508 789 556 hoc
814 526 1010 573 quaeso,
1039 509 1079 555 si
1102 508 1199 556 huc
1224 508 1407 556 rebitet
1438 508 1758 565 Philocrates,

214 587 287 635 Vt
323 586 390 634 mi
426 588 531 635 eius
566 587 716 635 facias
752 587 1084 635 conueniundi
1121 587 1322 652 copiam.

215 666 347 714 ΗΕΘ.
399 665 641 724 Periistis,
679 665 773 713 nisi
810 667 942 714 hunc
978 666 1075 714 iam
1112 684 1138 713 e
1174 673 1441 730 conspectu
1477 666 1737 715 abducitis.

214 745 379 792 TYND.
431 745 523 793 Vis
559 745 678 793 haec
715 744 915 810 quidem
952 745 1114 793 hercle
1151 751 1242 802 est,
1279 751 1330 793 et
1366 745 1498 794 trahi
1535 752 1586 793 et
1622 746 1760 794 trudi

347 825 579 873 simul.——
1692 838 1760 873 750

215 904 347 952 HEG.
384 903 492 951 Illic
511 910 587 952 est
607 903 853 951 abductus
872 909 1007 951 recta
1026 903 1074 950 in
1096 903 1370 968 phylacam,
1389 909 1447 950 ut
1468 903 1649 967 dignus
1668 909 1758 951 est.

280 1160 355 1193 745.
400 1160 558 1191 meruisti
571 1160 631 1191 isti
647 1160 695 1192 ita
707 1162 738 1191 E
784 1160 833 1191 ita
850 1161 925 1191 uale
939 1162 1017 1192 add.
1030 1159 1075 1192 Β2
1090 1166 1128 1191 ut
1140 1161 1210 1192 vid.
1271 1159 1346 1192 746.
1386 1159 1548 1199 obtigitR
1610 1161 1684 1193 747.
1716 1161 1760 1193 At

214 1221 254 1242 em
266 1211 378 1250 Atque
394 1222 462 1242 ras.
478 1214 525 1244 B:
550 1213 620 1243 Aut
636 1213 663 1242 J
727 1222 837 1243 unum
857 1213 928 1254 (alt.
950 1222 972 1243 u
989 1223 1028 1243 ea:
1045 1222 1068 1242 n
1084 1217 1121 1243 ut
1137 1213 1220 1251 vid.)
1238 1213 1268 1242 R
1329 1221 1432 1250 queso
1452 1212 1530 1242 libri
1575 1211 1643 1242 huc
1659 1222 1720 1243 om.
1737 1213 1764 1243 J

214 1263 341 1294 rubitet
362 1265 421 1295 VE
438 1269 475 1295 ut
491 1265 561 1295 vici.
696 1265 768 1297 748.
819 1264 906 1295 mihi
925 1266 1003 1295 libri
1123 1263 1368 1300 conueniundi,
1387 1263 1422 1294 iu
1439 1274 1478 1294 esc
1494 1263 1525 1294 ie
1540 1265 1580 1302 B,
1601 1275 1640 1295 ex
1656 1263 1712 1295 icu
1728 1266 1760 1295 E

215 1316 287 1347 749.
337 1314 480 1345 Peristis
495 1316 574 1346 libri
707 1315 778 1347 iam
799 1315 892 1347 hunc
909 1317 1075 1357 Pylades:
1100 1315 1216 1346 istunc
1233 1315 1299 1346 iam
1318 1316 1468 1345 Baebius
1487 1317 1521 1345 in
1539 1316 1761 1346 Studammzdz·

215 1368 311 1398 Stud.
338 1372 360 1397 t.
386 1377 413 1398 11
432 1378 468 1407 p.
494 1368 558 1398 242
763 1369 837 1401 751.
884 1368 976 1400 Hire.
1007 1369 1083 1400 add.
1112 1366 1159 1399 ῘΓ2
1290 1366 1463 1407 philacam
1488 1367 1568 1398 libri
1593 1369 1694 1407 (-tam
1716 1367 1758 1409 J)

286 1573 363 1607 744.
414 1572 504 1609 Etsi
520 1574 559 1608 in
577 1574 667 1608 such
685 1586 706 1608 a
724 1577 874 1608 context
890 1574 1058 1619 acquires
1074 1573 1139 1608 the
1156 1573 1252 1607 force
1270 1573 1310 1607 of
1327 1573 1394 1607 Gk.
1415 1575 1531 1608 καίτοι.
1582 1572 1635 1608 Of.
1659 1572 1758 1608 Prin.

215 1633 293 1672 593,
314 1631 408 1665 Pers.
429 1633 506 1666 601.
605 1632 664 1668 Ut
683 1632 814 1668 dicam
830 1642 968 1676 meres,
988 1643 1029 1665 as
1046 1631 1084 1665 in
1102 1643 1133 1665 v.
1154 1634 1232 1674 422,
1251 1631 1309 1665 &c

287 1690 363 1724 747.
414 1689 549 1726 Unum
565 1690 651 1726 hoc.
704 1689 795 1723 This
817 1689 849 1723 is
871 1689 936 1723 the
958 1689 1101 1723 normal
1124 1688 1231 1723 order
1253 1689 1291 1723 in
1315 1689 1482 1724 Terence.
1535 1689 1580 1723 In
1606 1688 1761 1723 Plautus

215 1747 270 1782 hic
287 1760 374 1793 may
390 1747 542 1793 precede
561 1749 638 1792 (eg.
660 1760 691 1782 v.
712 1748 794 1792 241)
813 1759 853 1781 01·
870 1747 989 1782 follow
1006 1760 1108 1782 unus.

287 1807 365 1841 748.
416 1805 559 1842 Facias
587 1805 857 1841 conueniundi
891 1805 1057 1848 copiam.
1109 1806 1187 1840 The
1220 1806 1353 1851 phrase
1385 1807 1526 1852 copiam
1550 1806 1673 1852 facere
1699 1805 1757 1850 (cf.

215 1876 246 1898 v.
267 1866 346 1907 373,
365 1864 442 1908 &c.)
460 1865 492 1898 is
514 1863 680 1898 followed
704 1863 754 1908 by
769 1864 835 1898 the
858 1864 1030 1898 Genitive
1047 1865 1088 1898 of
1108 1865 1172 1899 the
1191 1864 1340 1899 Gerund
1363 1866 1401 1899 in
1419 1865 1514 1899 Pers.
1535 1866 1603 1900 539
1628 1864 1672 1899 Ut
1695 1863 1762 1899 tibi

214 1929 302 1957 recte
319 1923 541 1957 conciliandi
550 1923 672 1969 primo
682 1922 842 1968 facerem
858 1923 1008 1969 copiam.

288 1982 365 2016 749.
416 1981 613 2025 Periistis,
627 1981 727 2014 often
741 1981 831 2015 with
849 1981 914 2015 the
930 1980 1098 2015 addition
1112 1982 1153 2015 of
1166 1981 1250 2025 iam,
1263 1993 1326 2026 eg.
1344 1982 1421 2015 Mil.
1436 1984 1504 2015 828
1516 1981 1663 2027 periisti
1673 1981 1758 2025 iam,

215 2039 290 2073 m'si
305 2051 431 2073 uerum
447 2039 526 2081 scio,
548 2039 655 2073 Poen.
675 2042 743 2073 355
764 2039 849 2073 Iam
872 2039 983 2074 hercle
1007 2046 1045 2074 tu
1065 2041 1218 2086 periisti,
1238 2040 1312 2074 nisi
1329 2041 1435 2074 illam
1452 2039 1545 2074 mihi
1566 2046 1641 2074 tam
1661 2046 1759 2074 tran-

216 2096 488 2143 quillamfacz's.
611 2096 701 2133 Nisi
718 2097 834 2142 hunc,
853 2100 892 2132 to
910 2098 955 2132 be
973 2099 1132 2133 scanned
1151 2100 1241 2134 with
1260 2100 1398 2134 Hiatus
1416 2098 1571 2143 (Introd.
1591 2099 1627 2132 ii.
1650 2097 1667 2145 ξ
1686 2099 1758 2142 40),

216 2155 335 2189 which
353 2155 472 2189 would
489 2155 534 2189 be
551 2156 723 2190 removed
740 2156 790 2201 by
806 2157 871 2191 the
888 2158 1152 2203 transposition
1171 2159 1247 2192 iam
1263 2158 1356 2192 Immo
1373 2170 1414 2192 or
1433 2157 1482 2203 by
1498 2158 1562 2192 the
1580 2157 1759 2192 substitu-

215 2213 295 2247 tion
313 2213 353 2247 of
367 2213 482 2248 istunc
499 2214 573 2258 (see
590 2217 677 2248 note
694 2226 741 2248 on
759 2226 791 2248 v.
813 2216 896 2259 734)
913 2216 969 2250 for
985 2215 1089 2259 hunc,
1107 2228 1148 2250 or
1164 2216 1213 2261 by
1230 2216 1295 2250 the
1312 2216 1488 2250 insertion
1506 2216 1546 2249 of
1567 2215 1649 2250 ltine
1665 2216 1760 2250 after

217 2271 318 2306 huna

289 2330 366 2364 750.
416 2329 490 2366 Vis
512 2329 613 2366 haec
631 2330 792 2372 quidem
815 2331 950 2367 hercle
974 2334 1047 2376 est,
1066 2344 1088 2366 a
1111 2334 1259 2366 current
1282 2332 1423 2377 phrase.
1476 2331 1529 2366 Of.
1555 2332 1634 2366 Ter.
1654 2331 1756 2366 Adel.

217 2389 286 2422 943
315 2387 371 2421 uis
397 2392 445 2421 est
471 2386 556 2421 haee
585 2387 737 2432 quidem,
766 2388 839 2423 Cic.
868 2388 982 2424 Amic.
1011 2390 1085 2423 viii.
1116 2392 1160 2424 26
1188 2390 1260 2423 vim
1286 2389 1348 2423 lzoc
1377 2389 1519 2435 quidem
1548 2396 1597 2424 est
1623 2389 1756 2435 afferre.

217 2445 417 2488 Suetonius
444 2445 556 2489 (Caes.
586 2447 646 2490 82)
673 2446 757 2481 tells
784 2458 827 2481 us
854 2447 938 2482 that
967 2448 1090 2482 Julius
1117 2447 1260 2490 Caesar,
1290 2448 1393 2481 when
1423 2448 1486 2482 the
1513 2448 1759 2492 conspirators

217 2502 389 2537 attacked
407 2502 496 2545 him,
515 2503 613 2537 cried
631 2506 696 2538 out
712 2504 784 2538 ista
801 2505 944 2550 quidem
960 2505 1011 2539 vis
1029 2511 1084 2541 est.
1135 2505 1239 2539 With
1260 2505 1364 2539 these
1382 2504 1499 2539 words
1516 2504 1710 2550 Tyndarus
1727 2505 1759 2539 is

217 2560 388 2596 removed
406 2561 485 2595 into
501 2561 565 2595 the
582 2562 704 2596 house.

289 2621 366 2655 751.
417 2619 507 2655 Illic
532 2622 596 2656 est
618 2621 650 2655 is
672 2621 851 2667 probably
867 2625 907 2656 to
930 2622 975 2656 be
997 2621 1157 2656 scanned
1180 2621 1256 2655 illic
1281 2625 1328 2655 &st
1346 2621 1503 2666 (dactyl;
1529 2632 1588 2655 see
1608 2624 1693 2656 note
1711 2633 1759 2656 on

218 2691 248 2713 v.
273 2679 320 2722 8),
347 2676 473 2711 rather
497 2676 588 2711 than
614 2678 724 2713 illz'cst
749 2679 905 2723 (luti-od.
932 2680 966 2713 ii.
998 2679 1014 2725 ξ
1045 2680 1112 2722 12).
1165 2679 1326 2713 Skutsch
1354 2679 1502 2713 favoni-s
1527 2679 1599 2713 w'll'c
1624 2684 1673 2713 est
1697 2679 1755 2723 (cf.

219 2735 360 2771 Introd·
381 2736 415 2770 ii.
438 2734 455 2780 ξ
478 2735 544 2778 14)-
663 2737 802 2774 Recta.
851 2738 930 2773 Mil.
951 2740 1015 2772 491
1037 2738 1094 2772 lelio
1111 2737 1162 2771 ad
1181 2750 1233 2771 me
1250 2744 1343 2772 recta
1367 2738 1470 2772 habet
1491 2743 1623 2771 rectam
1645 2738 1756 2779 uiam,

220 2794 349 2829 Pseud.
378 2795 476 2827 1136.
528 2793 638 2827 Often
662 2801 757 2828 recta
777 2795 852 2837 uia,
871 2807 934 2840 eg.
963 2795 1040 2830 Cas.
1067 2797 1131 2829 881
1156 2801 1252 2829 recta
1274 2796 1339 2829 uia
1362 2796 1402 2829 in
1424 2796 1590 2830 conclaue
1607 2795 1755 2830 abduxi.

215 2852 445 2896 Phylacam.
495 2851 572 2886 The
590 2852 688 2887 word
711 2852 798 2888 does
816 2856 881 2888 not
901 2866 1009 2888 occur
1031 2853 1224 2888 elsewhere
1242 2854 1279 2887 in
1300 2854 1464 2889 Plautus.
