1888 3169
737 162 804 192 111.
864 162 1029 193 METRE.
1599 156 1651 194 81

110 267 245 305 marks
274 267 344 304 the
372 265 573 316 approach
602 265 644 303 of
676 265 747 303 the
776 264 998 303 Oceanides
1026 265 1069 302 in
1097 265 1335 316 Aeschylus,
1366 266 1499 306 From.
1530 267 1652 306 Vinci.

110 347 146 372 v.
180 334 278 372 115:

433 388 487 427 τίς
516 387 604 439 ἀχώ,
633 388 691 428 τίς
719 386 815 437 ὀδμὰ
842 386 1042 436 προσέπτα
1069 385 1108 436 μ’
1136 385 1324 439 ἀφεγγής;

191 471 232 508 Α
252 470 379 520 single
401 471 582 508 Dimeter
602 483 739 508 occurs
759 471 802 507 in
828 469 899 507 the
919 469 1200 506 conversation
1219 469 1262 506 of
1289 469 1360 507 the
1380 469 1535 508 Chorus
1556 471 1655 508 with

111 536 360 586 Strepsiades
379 537 420 574 in
442 537 511 575 the
533 537 677 576 Clouds
696 536 738 574 of
758 536 1064 585 Aristophanes,
1086 548 1122 572 v.
1147 534 1224 573 708
1242 549 1249 572 t

433 614 472 652 τί
496 615 656 666 πάσχεις
667 633 679 660 ,·
716 615 756 653 τί
782 614 930 664 κάμνεις
941 632 952 658 ;

108 694 189 728 two
209 690 411 729 Dimeters
431 704 476 729 or
496 705 570 729 one
591 693 843 729 Tetrameter
862 692 904 728 in
925 691 995 728 the
1013 690 1246 728 invocation
1266 690 1309 729 of
1335 691 1480 739 Pallas,
1505 691 1655 738 Thesm.

110 769 173 793 vv.
200 756 385 793 114-3-4
402 772 408 795 :

435 834 582 884 φάνηθ’,
614 833 640 872 ὦ
668 833 869 884 τυράννους

434 899 627 952 στυγοῦσ’,
658 899 785 948 ὥσπερ
816 899 921 940 εἰκός.

110 974 195 1012 But
222 975 257 1012 it
287 976 320 1013 is
349 990 373 1012 a
401 976 603 1014 favourite
633 981 760 1014 metre
789 976 830 1014 of
859 976 1042 1023 Plautus,
1073 976 1162 1014 who
1192 977 1328 1014 makes
1357 991 1409 1015 no
1435 979 1590 1028 scruple
1616 979 1659 1016 of

109 1041 274 1092 writing
293 1042 387 1092 long
406 1056 593 1093 passages
612 1044 655 1080 in
676 1043 871 1080 Bacchiae
892 1043 1171 1081 Tetrameters.

174 1123 242 1154 For
269 1124 435 1164 example,
460 1124 496 1155 in
525 1125 584 1156 the
611 1126 822 1166 Amphitruo,
847 1134 896 1156 we
922 1123 1008 1156 have
1033 1124 1274 1165 twenty-three
1297 1126 1511 1157 consecutive
1539 1126 1657 1159 Tetra-

109 1177 245 1215 meters,
265 1185 318 1207 vv.
336 1176 506 1209 551—73:

238 1243 279 1273 A.
311 1242 380 1282 Age
403 1242 414 1273 1
437 1245 475 1275 tu
500 1243 698 1275 secundum.
744 1245 786 1274 B.
819 1241 960 1282 Sequor,
987 1242 1176 1282 subsequor
1198 1245 1240 1275 te.

239 1295 279 1325 Α.
313 1294 601 1326 Scelestissimum
626 1298 658 1327 te
681 1293 839 1327 arbitror.
886 1296 927 1325 Β.
959 1294 1048 1325 Nam
1072 1295 1176 1334 quam
1201 1293 1242 1326 ob
1266 1298 1362 1327 rem?

240 1349 280 1378 A.
313 1347 401 1387 Quia
423 1348 458 1379 id
482 1348 572 1387 quod
596 1357 705 1387 neque
729 1347 781 1378 est
804 1357 866 1379 nec
890 1347 956 1379 fuit
979 1357 1041 1378 nec
1063 1347 1219 1379 futurum
1243 1350 1295 1380 est

239 1399 325 1430 mihi
347 1399 532 1440 praedicas.
581 1400 621 1432 B.
656 1399 795 1439 Emere,
822 1399 893 1431 iam
916 1399 1044 1431 tuatim

239 1443 336 1488 facis,
361 1454 400 1483 ut
424 1451 493 1483 tuis
517 1452 615 1483 nulla
638 1451 729 1492 apud
752 1453 786 1483 te
810 1451 896 1483 fides
921 1451 977 1483 sit.
1594 1454 1657 1486 555

238 1504 279 1534 A.
313 1503 402 1543 Quid
426 1503 500 1535 est?
532 1513 599 1543 quo
623 1502 749 1535 modo?
781 1504 851 1535 iam
876 1502 1014 1543 quidem
1037 1502 1151 1535 hercle
1176 1513 1236 1544 ego
1260 1503 1323 1534 tibi
1346 1502 1450 1535 istam

239 1556 430 1593 scelestam,
456 1555 575 1593 scelus,
599 1556 755 1595 linguam
779 1555 963 1587 abscidam.
1010 1557 1051 1587 Β.
1086 1554 1177 1586 Tuos
1201 1565 1289 1594 sum,

239 1609 382 1649 proinde
405 1607 444 1640 1'1t
467 1608 722 1640 commodumst
745 1611 777 1640 et
801 1608 895 1639 lubet
919 1608 1068 1648 quidque
1094 1608 1221 1646 facias3

239 1665 357 1696 tamen
382 1666 466 1705 quin
490 1657 611 1704 loquar
634 1664 719 1696 haec
743 1664 794 1695 uti
817 1664 908 1695 facta
933 1664 1014 1694 sunt
1036 1662 1104 1700 hic,

239 1726 431 1756 numquam
454 1716 524 1748 ullo
547 1715 649 1747 modo
673 1726 726 1747 me
750 1716 848 1756 potes
871 1715 1052 1747 deterrere.
1595 1716 1658 1747 560

239 1770 279 1800 A.
313 1768 570 1808 Scelestissime,
597 1767 702 1800 audes
725 1767 811 1799 mihi
835 1767 1031 1808 praedicare
1054 1767 1101 1804 id,

239 1820 332 1852 domi
355 1824 388 1852 te
413 1831 484 1852 esse
507 1820 609 1858 nunc,
634 1821 694 1860 qui
717 1820 772 1851 hic
797 1819 902 1851 ades?
948 1821 989 1851 B.
1021 1819 1110 1850 Vera
1134 1819 1220 1851 dico.

238 1874 279 1904 A.
312 1873 442 1905 Malum
467 1873 558 1913 quod
581 1873 643 1904 tibi
667 1872 701 1903 di
725 1872 868 1908 dabunt,
894 1873 995 1910 atque
1018 1881 1079 1909 ego
1102 1870 1204 1902 hodie

240 1927 339 1959 dabo.
385 1929 427 1959 B.
459 1917 552 1959 I'stuc
575 1927 673 1959 tibist
696 1927 733 1958 in
756 1925 873 1962 manu,
899 1935 980 1957 nam
1004 1924 1082 1956 tuos
1107 1935 1195 1956 sum.

239 1982 280 2012 A.
312 1980 390 2011 Tun
414 1981 480 2020 me,
506 1980 656 2018 uerbero,
683 1978 789 2011 audes
812 1977 908 2010 erum
931 1977 1126 2009 ludificari?
1593 1978 1655 2009 565

239 2033 322 2063 tune
345 2031 379 2062 id
403 2032 512 2063 dicere
535 2031 651 2070 audes,
678 2030 769 2070 quod
791 2030 893 2061 nemo
916 2039 1082 2069 umquam
1104 2029 1209 2060 homo
1233 2027 1411 2071 ant(e)hac

239 2082 327 2114 uidit
350 2093 412 2114 nec
435 2083 548 2123 potest
572 2083 658 2122 fieri,
685 2086 838 2122 tempore
861 2080 931 2112 uno

239 2134 344 2166 homo
367 2134 457 2166 idem
481 2134 614 2166 duobus
637 2134 722 2165 locis
745 2137 784 2165 ut
808 2132 910 2164 simul
935 2133 1004 2165 sit?

238 2188 280 2218 B.
311 2187 467 2219 Profecto
490 2189 528 2218 ut
552 2185 672 2226 loquor
696 2196 750 2217 res
773 2185 823 2217 ita
846 2185 908 2217 est.
954 2187 995 2216 A.
1027 2184 1183 2225 Iuppiter
1206 2187 1239 2216 te

239 2238 367 2279 perdat.
414 2240 455 2270 B.
488 2238 577 2278 Quid
600 2239 684 2270 mali
707 2248 795 2277 sum,
823 2248 888 2278 ere,
916 2240 976 2269 tua
1000 2237 1041 2268 ex
1065 2247 1100 2267 re
1124 2236 1358 2277 promeritus?
1593 2237 1656 2270 570

239 2294 279 2323 A.
310 2291 477 2332 Rogsisne,
504 2291 668 2333 improbe,
696 2292 813 2329 etiam,
838 2291 896 2331 qui
920 2290 1018 2321 ludos
1042 2289 1126 2320 facis
1149 2292 1227 2320 me?

631 2347 675 2390 (v.
694 2348 768 2385 572,
787 2347 823 2378 of
837 2345 1017 2378 uncertain
1035 2344 1132 2386 text.)

239 2403 280 2434 B.
313 2413 432 2434 uerum
456 2403 549 2434 haud
572 2402 731 2439 mentior,
757 2412 876 2442 resque
900 2402 951 2433 uti
974 2402 1065 2433 facta
1088 2400 1175 2432 dico.
1593 2400 1655 2433 573

175 2480 217 2511 In
233 2480 292 2512 the
309 2482 475 2513 Mercator
487 2490 535 2512 we
550 2480 638 2512 have
653 2480 798 2512 another
814 2480 894 2519 long
907 2489 1050 2520 passage
1067 2478 1102 2510 in
1120 2478 1361 2517 Tetrameters,
1378 2476 1458 2508 here
1474 2477 1543 2509 and
1559 2476 1656 2509 there

108 2531 325 2572 interrupted
341 2532 385 2573 by
401 2532 500 2564 other
515 2535 652 2569 metros,
669 2542 722 2564 vv.
741 2531 933 2564 335—360:

305 2603 419 2635 Homo
442 2613 497 2635 me
520 2603 678 2635 miserior
701 2603 833 2634 nullust
857 2612 961 2642 aeque
985 2602 1117 2643 opinor,
1592 2601 1654 2631 335

304 2665 414 2695 neque
439 2656 584 2688 aduersa
607 2656 663 2687 cui
686 2655 785 2695 plura
809 2655 878 2686 sint
902 2653 1131 2694 sempiterna3

609 2715 675 2751 (vv.
700 2709 877 2751 337-41.)

303 2766 399 2798 ratus
423 2766 511 2798 clam
536 2766 671 2807 patrem
694 2776 748 2797 me
772 2764 887 2797 meum
914 2774 1013 2805 posse
1035 2763 1181 2795 habere:
1591 2762 1655 2792 342

305 2823 335 2852 Is
357 2821 498 2852 resciuit
521 2821 554 2852 et
577 2821 676 2859 uidit,
703 2821 736 2852 et
759 2820 906 2861 perdidit
928 2829 1001 2856 me;

306 2884 413 2913 neque
437 2875 465 2904 is
488 2884 567 2906 cum
590 2875 684 2914 roget
707 2873 788 2913 quid
812 2871 932 2912 loquar
955 2871 1188 2911 cogitatumst,

220 2939 251 2965 L.
278 2938 310 2965 P.
1520 2921 1542 2959 6
