1888 3169
153 158 357 212 245—248]
739 168 832 199 Aer.
865 168 911 199 11.
971 168 1032 198 sc.
1065 168 1093 198 1.
1610 158 1692 198 183

154 272 248 320 Per
282 272 526 320 fortunam
566 272 805 320 incertam
843 278 894 320 et
930 290 1018 336 per
1054 271 1149 319 mei
1182 277 1234 319 te
1268 288 1385 335 erga
1417 270 1693 319 bonitatem

287 352 458 416 patris,
1626 366 1694 397 245

154 430 346 495 Perque
387 429 738 478 conseruitium
786 447 1057 487 commune,
1107 429 1240 494 quod
1287 428 1478 477 hostica
1525 429 1695 477 euenit

286 527 451 566 manu,

153 587 232 635 Ne
256 606 334 635 me
359 606 497 636 secus
522 588 705 637 honore
729 589 961 637 honestes
987 606 1136 653 quam
1155 605 1298 653 quom
1317 588 1537 636 seruibas
1558 586 1692 644 mihi,

153 668 324 733 Atque
369 674 429 715 ut
476 669 561 733 qui
609 669 758 717 fueris
806 675 858 717 et
906 667 991 733 qui
1033 686 1165 716 nunc
1206 667 1272 716 sis
1314 667 1596 715 meminisse
1636 672 1695 715 ut

286 748 577 797 memineris.

219 991 293 1022 245.
339 991 407 1022 mei
425 991 478 1033 (ex
493 991 595 1034 maei)
613 993 668 1023 tae
683 992 713 1022 Β
802 992 877 1024 247.
923 991 1029 1023 Neme
1044 1002 1111 1023 ras.
1128 1002 1168 1023 ex
1184 991 1335 1023 Naemae
1349 991 1379 1021 B
1436 989 1565 1021 honore
1583 990 1613 1030 (e
1629 1000 1696 1021 ras.

153 1053 193 1075 ex
209 1053 248 1074 ae
263 1048 301 1074 ut
316 1045 402 1084 vid.)
420 1045 450 1075 B
516 1044 681 1076 honestes
700 1045 736 1086 (n
753 1055 792 1076 ex
808 1047 838 1084 r)
855 1045 885 1074 Β
952 1054 1031 1075 cum
1046 1045 1074 1075 J
1160 1043 1335 1075 seruiebas
1352 1044 1433 1074 libri
1451 1042 1474 1084 (i
1491 1053 1507 1074 e
1523 1052 1605 1075 corr.
1632 1044 1675 1085 V)
1689 1055 1696 1075 :

152 1106 234 1128 corr.
251 1097 398 1138 Pylades

224 1325 302 1357 246.
353 1324 505 1366 Perque
527 1326 567 1358 to
589 1323 635 1358 be
656 1322 892 1369 pronomeed
913 1335 999 1369 pere
1016 1322 1074 1368 (cf.
1093 1334 1155 1357 uee
1171 1322 1227 1357 for
1248 1333 1369 1368 neque,
1388 1333 1431 1355 ae
1454 1321 1508 1355 i.e.
1529 1320 1624 1355 ‘ate’
1643 1321 1699 1355 for

153 1387 278 1428 atque3
305 1393 364 1416 see
382 1381 522 1417 Introd.
542 1383 577 1416 ii.
600 1382 616 1428 ξ
639 1383 707 1426 14).
809 1383 981 1419 Hostica
997 1382 1065 1417 has
1081 1382 1168 1416 here
1184 1381 1249 1416 the
1266 1392 1371 1415 sense
1388 1380 1428 1414 of
1443 1379 1612 1423 ‘hostile,'
1630 1379 1699 1414 but

153 1440 191 1474 in
214 1440 294 1475 Mil.
315 1443 383 1476 450
408 1440 493 1476 that
515 1441 556 1475 of
579 1441 782 1486 ‘strange’z
809 1440 982 1474 hosticum
1006 1440 1069 1474 hoe
1093 1440 1186 1474 mihi
1209 1439 1434 1474 domicilium
1459 1444 1525 1481 θείς
1550 1437 1700 1473 Atheuis

152 1498 278 1533 domus
302 1505 360 1533 est.
411 1499 490 1534 The
514 1499 610 1534 form
633 1511 707 1533 was
731 1497 1001 1533 old-fashioned
1025 1498 1064 1532 in
1089 1497 1153 1532 the
1171 1498 1366 1543 Augustan
1392 1496 1480 1542 Age,
1499 1508 1540 1531 as
1561 1508 1614 1530 we
1640 1508 1699 1531 see

152 1557 248 1592 from
267 1557 498 1603 Porphyrio's
515 1561 602 1593 note
624 1569 672 1592 on
696 1557 839 1592 Horace
860 1557 894 1592 C.
915 1567 955 1591 11.
975 1557 996 1591 1.
1019 1560 1035 1591 1
1051 1570 1057 1591 :
1084 1556 1238 1591 adtende
1258 1562 1378 1591 autem
1394 1567 1466 1590 uon
1485 1555 1621 1590 ‘civile'
1639 1556 1702 1590 sed

155 1616 342 1651 ‘civicum'
371 1617 505 1651 dixisse
533 1617 689 1664 antiqua
713 1617 851 1663 fiyura.
903 1616 973 1651 Illi
999 1617 1094 1650 enim
1124 1615 1274 1650 ‘civica'
1304 1621 1337 1650 et
1367 1615 1541 1658 ‘hostiea,'
1571 1614 1701 1649 deiude

155 1675 314 1709 ‘civilia'
333 1681 364 1709 et
383 1675 564 1710 ‘hostilia'
583 1675 758 1710 dicebaut.
810 1674 888 1709 The
910 1674 991 1709 first
1013 1673 1167 1719 syllable
1189 1673 1230 1708 of
1251 1673 1315 1708 the
1332 1673 1432 1708 word
1455 1673 1486 1707 is
1503 1676 1570 1708 not
1592 1675 1631 1708 to
1653 1673 1700 1708 be

153 1733 313 1768 scanned
336 1733 440 1769 short
457 1735 496 1769 in
519 1735 596 1769 this
618 1734 700 1769 line.
737 1734 815 1769 The
832 1733 958 1768 fourth
976 1733 1054 1768 foot
1074 1734 1105 1767 is
1122 1744 1144 1766 a
1166 1732 1292 1778 dactyl
1309 1733 1445 1776 (-muue
1462 1732 1584 1778 quod),
1602 1744 1643 1766 as
1660 1732 1699 1766 in

154 1804 186 1826 v.
206 1794 275 1827 570
292 1792 365 1827 and
389 1793 583 1828 elsewhere
607 1795 681 1839 (see
700 1792 839 1827 Introd.
860 1792 910 1827 iii.
937 1791 954 1837 ξ
978 1793 1044 1836 17).
1097 1792 1206 1826 Some
1229 1791 1368 1826 editors
1390 1793 1583 1836 transpose
1604 1791 1702 1837 quod

154 1862 335 1885 commuue
351 1854 391 1885 to
408 1851 516 1886 avoid
534 1852 598 1886 the
616 1851 794 1896 irregular
809 1850 969 1885 division
987 1850 1027 1884 of
1040 1849 1104 1883 the
1123 1849 1249 1895 dactyl
1268 1849 1425 1895 (Introd.
1445 1850 1495 1884 iii.
1518 1849 1535 1895 ξ
1557 1850 1626 1894 16).

225 1909 302 1944 247.
354 1910 516 1947 Honore
533 1910 735 1954 honestes,
753 1921 775 1943 a
793 1909 952 1955 jingling
974 1909 1107 1954 phrase
1129 1908 1214 1943 that
1237 1920 1364 1943 occurs
1386 1909 1494 1954 again
1511 1908 1550 1942 in
1567 1920 1600 1943 V.
1619 1910 1698 1943 356.

155 1967 238 2012 (See
254 1970 342 2002 note
359 1979 405 2002 on
424 1980 455 2002 v,
478 1970 542 2004 107
562 1973 723 2002 moratus
739 1967 922 2011 moribus).

225 2028 303 2060 248.
354 2026 429 2070 Qui
445 2026 583 2064 fueris.
635 2026 764 2061 Before
781 2028 1005 2060 consonants
1021 2025 1095 2072 qui,
1114 2028 1180 2060 not
1197 2025 1288 2072 quis,
1307 2026 1338 2059 is
1356 2025 1538 2071 nel-mally
1555 2024 1645 2059 used
1662 2024 1701 2058 in

154 2084 311 2119 indireet
328 2084 519 2128 questions
536 2085 575 2118 in
595 2084 749 2119 Plautus
765 2084 839 2119 and
857 2085 1026 2127 Terence,
1045 2095 1108 2129 eg.
1128 2083 1173 2118 M
1172 2084 1207 2118 il.
1224 2086 1289 2119 261
1310 2084 1375 2131 qui
1383 2083 1502 2130 fuerit
1518 2094 1702 2118 eouseruos

155 2143 262 2188 (AF),
290 2142 420 2177 Pseud.
449 2145 517 2178 263
546 2143 615 2177 seio
645 2143 710 2190 qui
732 2142 815 2189 fuit
842 2143 947 2187 (ΑΡ).
999 2143 1082 2187 (See
1111 2145 1197 2177 note
1223 2154 1270 2177 on
1296 2155 1328 2177 v.
1356 2143 1452 2187 285.)
1595 2141 1698 2178 Vt...

154 2201 386 2238 meminisse
403 2202 452 2237 ut
467 2201 700 2238 memineris
718 2202 792 2246 (see
808 2204 895 2235 note
913 2212 960 2235 on
977 2201 1028 2235 sei
1042 2201 1138 2245 seire,
1157 2212 1189 2235 v.
1210 2201 1303 2244 297).
1355 2201 1434 2235 The
1450 2200 1648 2246 repetition
1665 2201 1706 2235 of

155 2265 195 2294 ut
213 2259 301 2304 (like
317 2258 402 2294 that
419 2259 459 2293 of
471 2258 511 2294 ὅν
528 2260 566 2293 in
585 2259 719 2304 Greek)
738 2260 768 2294 is
786 2263 851 2294 not
868 2271 1091 2294 uncommon
1109 2260 1147 2293 in
1165 2259 1360 2305 colloquial
1378 2259 1498 2294 Latin.
1535 2259 1613 2295 Cas.
1633 2262 1699 2293 511

154 2317 223 2352 Ibo
248 2318 343 2352 iutro
366 2324 405 2352 ut
428 2317 470 2352 id
493 2318 591 2364 quod
609 2318 707 2353 alius
724 2318 887 2353 eondiuit
911 2330 1019 2362 cocus,
1039 2318 1117 2364 Eoo
1139 2330 1237 2353 uuna
1260 2319 1420 2353 uicissim
1436 2325 1477 2353 ut
1497 2318 1573 2353 alio
1592 2324 1702 2364 pacto

155 2376 341 2417 condicam
377 2375 505 2410 Pseud.
538 2378 677 2411 580—:3
704 2383 754 2420 ut,
782 2376 1019 2423 ubiquomque
1052 2376 1208 2411 hostibus
1236 2376 1635 2423 eou97·ediar,...Faeile
1663 2382 1705 2410 ut

156 2436 311 2478 uincam,
328 2435 444 2481 facile
464 2441 504 2470 ut
525 2435 674 2481 spoliem
690 2448 782 2470 meos
800 2435 1001 2482 perduellis
1023 2436 1108 2470 meis
1127 2435 1295 2482 perfidiis
1307 2449 1315 2478 ;
1341 2435 1435 2470 Rud.
1461 2437 1552 2470 1256
1568 2434 1619 2469 At
1641 2446 1703 2480 eqo

156 2493 237 2529 deos
254 2505 393 2540 quaeso,
412 2499 452 2528 ut
469 2493 652 2540 quidquid
667 2494 708 2529 iu
730 2494 794 2529 illo
811 2495 983 2538 uidulost,
1001 2494 1045 2529 Si
1060 2506 1193 2529 aurwn
1209 2495 1242 2529 si
1263 2501 1452 2540 amentum
1468 2500 1527 2537 est,
1546 2505 1646 2528 omue
1664 2493 1706 2527 id

157 2559 197 2588 ut
211 2553 287 2599 fiat
311 2553 419 2596 einis3
446 2553 546 2587 Trin.
572 2556 710 2588 laio—4
735 2554 882 2599 Subiyis
907 2553 1107 2588 maledictis
1131 2565 1184 2588 me
1209 2553 1290 2596 tuis,
1315 2552 1574 2599 Megaronides,
1599 2551 1703 2586 Nouo

156 2611 260 2646 modo
277 2611 377 2655 adm,
396 2617 435 2646 ut
453 2612 549 2658 quod
564 2624 660 2647 meae
678 2613 949 2647 concreditumst
971 2612 1232 2647 Tacituruitati
1252 2612 1388 2648 elam...
1401 2611 1447 2646 Ut
1469 2611 1561 2646 mihi
1575 2622 1705 2645 necesse

156 2669 203 2704 sit
227 2669 303 2703 iam
326 2669 368 2704 id
393 2669 461 2704 tibi
483 2670 709 2712 concredere;
735 2671 815 2705 Ter.
844 2670 984 2705 Phorm.
1012 2673 1078 2704 153
1096 2669 1223 2704 Adeou
1246 2681 1319 2704 rem
1341 2669 1481 2713 redisse,
1504 2675 1545 2703 ut
1567 2668 1632 2715 qui
1653 2669 1707 2702 mi

156 2727 357 2762 consultum
381 2734 522 2774 optume
546 2729 637 2763 uelit
661 2741 738 2772 esse,
766 2728 961 2772 Phaedria,
983 2733 1128 2774 patrem
1152 2733 1193 2761 ut
1217 2727 1464 2768 extimescam;
1491 2727 1606 2761 Andr.
1635 2729 1703 2761 828

153 2785 352 2832 perpulisti
366 2797 429 2829 me,
448 2792 488 2820 ut
505 2786 644 2820 homiui
659 2786 923 2821 adulescentulo
942 2786 989 2820 Iu
1005 2785 1080 2820 alio
1098 2791 1266 2824 occupato
1289 2797 1419 2828 amore,
1438 2785 1642 2819 abhorrenti
1659 2783 1704 2819 ab

160 2855 196 2878 re
212 2843 354 2886 uxoria,
375 2842 515 2878 Filiam
532 2850 570 2877 ut
587 2843 722 2878 darem.
